2432 3844
209 294 227 342 a
479 287 517 337 M.
543 286 661 335 ruzin
683 287 870 336 emmonis
1047 271 1127 354 [rm
1145 290 1163 334 r.

208 454 318 521 petunt,
347 443 454 505 Caesar
485 455 579 505 certus
612 453 736 522 putatur.
778 445 923 504 Thermus
952 461 1019 502 cum
1049 443 1163 502 Silano

208 544 383 603 contendere
411 545 592 615 existimatur,
619 544 668 619 qui
691 545 732 603 sic
756 545 859 620 inopes
887 553 916 601 et
938 544 975 601 ab
996 542 1107 601 amicis
1134 554 1163 600 et

208 642 244 700 ab
258 642 466 702 existimatione
488 653 562 714 sunt,
576 653 608 701 ut
628 643 699 700 mihi
719 643 848 702 videatur
868 659 928 700 non
942 660 1006 700 esse
1025 641 1164 697 ἀδύνατον

210 741 329 800 Curium
346 741 499 800 obducere.
541 741 599 800 Sed
619 743 675 801 hoc
696 751 809 818 praeter
829 760 876 800 me
897 741 1006 799 nemini
1026 741 1161 798 videtur.

210 841 324 899 Nostris
345 841 504 899 rationibus
524 841 650 898 maxime
670 841 834 899 conducere
856 840 967 898 videtur
985 838 1162 897 Thermum
1206 885 1207 902 ,

210 939 271 997 lieri
298 957 365 997 cum
394 937 519 997 Caesare
530 957 538 1010 ;
561 955 649 997 nemo
677 949 721 997 est
749 941 827 997 enirn
856 956 891 995 ex
919 938 963 1007 iis,
992 936 1041 1012 qui
1071 953 1162 995 nunc
1206 955 1207 978 ³

208 1046 319 1113 petunt,
341 1037 398 1112 qui,
419 1037 443 1096 si
464 1035 494 1093 in
514 1046 645 1096 nostrum
666 1054 775 1095 annum
796 1036 934 1106 reciderit,
950 1035 1058 1092 firmior
1082 1053 1161 1094 can·
1205 1040 1206 1049 ’

209 1137 323 1194 didatus
349 1135 409 1193 fore
431 1134 566 1206 videatur,
589 1143 742 1210 propterea
765 1134 846 1211 quod
873 1143 986 1192 curator
1013 1141 1056 1190 est
1087 1134 1160 1191 viae

210 1233 376 1303 Flaminiae,
400 1233 504 1309 †quae
531 1253 598 1292 cum
626 1234 678 1291 erit
712 1234 844 1292 absoluta
871 1250 941 1291 sane
969 1229 1051 1290 facile
1082 1249 1159 1290 eum
1206 1213 1207 1224 ἵ

210 1333 330 1391 libenter
351 1352 428 1392 nunc
449 1335 535 1393 ceteri
556 1333 668 1392 consuli
690 1333 852 1392 acciderim.
893 1332 1051 1390 Petitorum
1076 1331 1159 1390 haec

210 1440 255 1488 est
283 1430 376 1489 adhuc
404 1433 558 1491 informata
584 1432 729 1508 cogitatio.
772 1431 836 1489 Nos
863 1432 893 1488 in
919 1431 1000 1488 omni
1027 1447 1159 1489 munere

211 1528 409 1588 candidatorio
427 1527 576 1606 fungendo
596 1547 739 1588 summam
756 1529 956 1588 adhibebimus
971 1528 1158 1604 diligentiam

210 1637 240 1685 et
261 1627 390 1698 fortasse,
411 1629 549 1703 quoniam
569 1627 680 1686 videtur
701 1627 731 1684 in
752 1627 894 1702 suffragiis
918 1627 1038 1684 multum
1059 1643 1158 1700 posse

210 1725 314 1796 Gallia,
328 1743 396 1784 cum
411 1726 525 1786 Romae
539 1746 557 1785 a
570 1726 680 1784 iudiciis
694 1725 788 1784 forum
802 1724 947 1795 refrixerit,
963 1741 1157 1782 excurremus

211 1839 313 1882 mense
333 1823 495 1900 Septembri
516 1825 602 1900 legati
623 1824 661 1881 ad
680 1824 826 1894 Pisonem,
847 1833 879 1881 ut
899 1822 1033 1880 Ianuario
1054 1839 1156 1880 rever·

211 1933 323 1980 tamur:
344 1939 412 1980 cum
431 1939 605 2000 perspexero
624 1923 785 1981 voluntates
803 1923 950 1992 nobilium,
966 1920 1092 1979 scribam
1116 1921 1157 1979 ad

212 2029 249 2077 te.
292 2019 396 2078 Cetera
423 2037 508 2097 spero
540 2021 652 2096 prolixa
679 2037 752 2092 esse,
780 2020 825 2078 ltis
852 2020 1004 2078 dumtaxat
1031 2019 1156 2077 urbanis

211 2119 455 2195 competitoribus,
497 2119 580 2177 Illam
601 2137 720 2177 manum
734 2128 766 2177 tu
785 2117 856 2176 mihi
877 2135 946 2176 cura
966 2126 997 2175 ut
1011 2126 1155 2194 praestes,

211 2219 351 2294 quoniam
372 2219 491 2294 propius
512 2219 589 2288 abes,
610 2217 750 2292 Pompeii,
770 2217 862 2276 nostri
882 2215 983 2274 amici:
1005 2233 1081 2291 nega
1102 2233 1156 2274 me

210 2320 239 2376 ei
253 2319 357 2378 iratum
370 2318 441 2390 lore,
457 2318 480 2376 si
494 2318 532 2376 ad
551 2335 616 2376 mea
630 2319 747 2376 comitia
763 2333 824 2376 non
845 2316 961 2374 venerit.
1005 2335 1031 2390 3.
1052 2315 1156 2390 Atque

212 2417 285 2474 haec
304 2413 390 2475 huiu's
412 2415 492 2474 modi
517 2422 590 2473 sunt.
635 2415 693 2473 Sed
716 2414 861 2490 estquod
885 2415 937 2472 abs
961 2423 990 2471 te
1010 2413 1081 2470 mihi
1108 2415 1155 2489 ig-

212 2514 297 2571 nosci
320 2513 475 2588 pervelim:
507 2512 658 2583 Caecilius,
683 2512 840 2570 avunculus
864 2521 940 2581 tuus,
966 2530 983 2570 a
1006 2511 1037 2570 P.
1060 2510 1154 2569 Vario

211 2627 281 2668 cum
302 2627 410 2685 magna
428 2613 553 2686 pecunia
571 2611 754 2681 fraudaretur,
776 2628 862 2686 agere
883 2611 980 2686 coepit
1000 2628 1068 2668 cum
1089 2611 1154 2668 eius

212 2707 299 2766 fratre
321 2708 355 2764 A.
372 2706 496 2766 Caninio
525 2704 626 2785 Satyro
655 2707 691 2766 de
718 2709 752 2766 iis
774 2710 869 2779 rebus,
894 2725 967 2784 quas
991 2726 1059 2766 eum
1075 2695 1153 2766 'dolo

214 2806 291 2865 malo
308 2806 454 2882 mancipio
473 2807 621 2883 accepisse
638 2806 676 2865 de
696 2806 786 2865 Vario
804 2807 925 2879 diceret;
946 2823 1005 2865 una
1026 2807 1153 2882 agebant

212 2906 303 2964 ceteri
320 2905 483 2976 creditores
498 2906 529 2962 in
547 2906 652 2982 quibus
670 2915 730 2964 erat
750 2904 788 2962 L
804 2904 939 2963 Lucullus
959 2913 988 2962 et
1005 2903 1035 2962 P.
1053 2903 1152 2980 Scipio

213 3011 243 3059 et
262 3001 295 3072 is,
317 3017 405 3075 quem
426 3001 566 3075 putabant
587 3001 757 3077 magistrum
781 3000 851 3071 fore,
873 3001 897 3059 si
917 3001 996 3058 bona
1016 2999 1153 3069 venirent,

215 3100 249 3159 L.
264 3099 393 3158 Pontius
444 3097 554 3157 Verum
590 3098 647 3158 hoc
675 3099 826 3158 ridiculum
857 3107 904 3156 est
933 3098 969 3156 de
1003 3097 1153 3173 magistro.

216 3198 304 3258 Nunc
322 3215 470 3274 cognosce
487 3217 555 3259 rem.
597 3199 723 3276 Rogavit
742 3218 789 3258 me
808 3198 958 3269 Caecilius,
972 3207 1004 3256 ut
1021 3199 1154 3256 adessem

215 3308 319 3358 oontra
344 3298 493 3375 Satyrum:
522 3301 583 3359 dies
607 3299 666 3357 fere
691 3300 785 3358 nullus
803 3309 849 3358 est
872 3299 943 3374 quin
967 3298 1013 3356 hic
1036 3297 1153 3374 Satyrus

215 3398 338 3456 domurn
357 3415 455 3456 meam
475 3399 608 3470 ventitet;
633 3398 766 3456 observat
787 3397 820 3454 L.
835 3396 997 3454 Domitium
1018 3397 1151 3465 maxime,

215 3514 264 3556 me
291 3496 378 3555 habet
403 3496 585 3572 proximum3
614 3495 666 3554 suit
690 3504 718 3554 et
740 3493 810 3552 mihi
832 3504 861 3552 et
885 3493 924 3566 Q.
938 3494 1016 3552 fratri
1043 3511 1152 3570 magno
