2452 3842
58 242 145 304 spu,
161 227 217 310 to]
254 239 367 288 aaran
391 239 441 288 An
462 237 684 288 raurrrarras
705 239 779 286 xrv.
804 240 833 306 7.
936 239 996 312 173

56 391 168 467 negotio
193 391 295 466 potuit,
317 402 354 462 et,
376 391 401 450 si
424 391 574 459 tenuisset,
595 407 700 448 omnes
723 390 793 448 boni
814 390 853 448 ad
874 407 942 448 eum
963 409 995 449 se

56 490 250 560 contulissent,
272 489 420 566 Syracusis
441 489 590 566 profectus
611 498 744 548 estante
770 489 848 547 diem
873 508 934 548 vur.
956 489 995 550 K.

55 587 130 658 Mai,
140 599 173 646 ut
187 587 225 646 ad
239 605 286 646 me
302 587 391 647 Curio
407 588 528 664 scripsit.
570 586 700 656 Utinam,
711 587 792 662 quod
806 587 893 658 aiunt,
909 588 996 648 Cotta

56 685 216 743 Sardiniam
229 689 343 744 teneatl
362 696 405 744 est
419 687 498 744 enim
511 701 618 743 rumor.
651 683 687 753 0,
698 684 722 742 si
735 685 765 742 id
779 683 872 756 fuerit,
881 696 996 763 turpem

55 783 215 843 Catoneml
251 803 278 856 4.
298 783 373 860 Ego,
384 794 416 844 ut
429 784 591 842 minuerem
606 783 796 858 suspitionem
809 783 996 859 profectionis

54 883 301 958 autcogitationis
315 902 406 955 meae,
416 882 563 959 protectus
578 899 642 940 sum
656 881 688 938 in
700 881 915 957 Pompeianum
929 884 996 943 ad.

54 1001 102 1039 uu.
125 982 207 1052 Idus,
229 993 261 1040 ut
281 981 320 1039 ibi
341 999 445 1052 essem,
464 980 535 1038 dum
555 998 630 1056 quae
652 979 690 1038 ad
707 980 902 1057 navigandum
921 1000 996 1058 opus

53 1090 151 1138 essent
172 1090 349 1155 pararentur.
392 1079 469 1138 Cum
488 1079 526 1136 ad
539 1079 635 1136 villam
649 1078 802 1149 venissem,
817 1087 934 1138 ventum
954 1092 998 1141 est

53 1179 169 1237 adme:
192 1179 375 1237 centuriones
389 1180 475 1237 trium
490 1177 662 1248 cohortium,
672 1195 747 1254 quae
760 1177 909 1255 Pompeiis
922 1191 997 1250 sunt,

53 1298 99 1338 me
128 1279 202 1338 velle
230 1281 371 1356 postridie
400 1275 698 1360 [convenire]-haec
726 1295 843 1337 mecum
871 1279 999 1339 Ninnius

53 1389 203 1450 noster-5
226 1379 297 1437 velle
316 1397 368 1437 eos
386 1378 457 1436 mihi
477 1396 508 1436 se
527 1386 555 1436 et
569 1377 711 1453 oppidum
725 1377 846 1436 tradere.
887 1380 927 1436 At
942 1398 999 1456 ego

53 1480 103 1536 tibi
127 1477 268 1554 postridie
289 1496 307 1534 a
327 1477 392 1536 villa
413 1488 481 1536 ante
501 1477 605 1546 lucem,
627 1487 659 1534 ut
678 1495 727 1534 me
751 1478 874 1536 omnino
899 1479 939 1537 illi
961 1497 1000 1537 ne

53 1579 192 1636 viderent
236 1576 316 1649 Quid
332 1577 411 1636 enim
430 1585 492 1634 erat
510 1576 541 1633 in
561 1576 651 1634 tribus
673 1575 861 1635 cohortibus?
882 1577 960 1653 quid,
976 1581 1001 1637 si

54 1676 172 1752 plures?
193 1694 253 1752 quo
268 1678 427 1752 apparatu?
449 1675 575 1751 cogitavi
589 1674 693 1732 eadem
708 1674 755 1733 illa
769 1674 915 1748 Caeliana,
926 1695 1002 1752 quae

53 1777 111 1853 legi
132 1776 164 1832 in
183 1775 305 1853 epistola
324 1785 382 1846 tua,
396 1793 486 1852 quarn
505 1774 615 1849 accepi,
630 1773 713 1832 simul
734 1784 763 1832 et
783 1775 814 1832 in
835 1775 1001 1834 Cumanum

54 1876 130 1945 veni,
147 1875 253 1932 eodem
268 1874 323 1947 die,
338 1884 367 1932 et
383 1869 494 1953 [simul]
510 1873 570 1930 fieri
586 1881 709 1948 poterat,
723 1857 755 1930 ut
776 1883 1001 1950 temptaremur;

54 1991 179 2033 omnem
202 1974 289 2049 igitur
313 1974 503 2049 suspitionem
528 1971 637 2030 sustuli.
681 1985 708 2044 5.
735 1970 793 2030 Sed
814 1973 884 2030 dum
906 1974 1003 2044 rede0,

55 2073 236 2132 Hortensius
246 2082 372 2142 venerat,
381 2080 411 2129 et
423 2071 461 2129 ad
475 2070 644 2128 Terentiam
659 2069 814 2128 salutatum
829 2070 1002 2143 deverterat3

55 2188 196 2233 sermone
210 2181 271 2229 erat
285 2188 354 2229 usus
374 2169 536 2228 honorifico
556 2186 625 2244 erga
643 2185 698 2228 me.
743 2167 859 2226 Tamen
880 2187 956 2239 eum,
972 2180 1003 2229 ut

54 2280 140 2347 puto,
156 2267 259 2326 videbo
268 2288 277 2341 3
299 2269 377 2327 misit
395 2270 473 2328 enirn
488 2285 611 2345 puerum
626 2284 657 2324 se
672 2265 709 2324 ad
723 2285 771 2324 me
785 2268 890 2325 venire.
933 2267 1003 2326 Hoc

55 2367 180 2446 quidem
194 2368 295 2426 melius
310 2386 399 2444 quam
416 2367 529 2442 collega
547 2375 646 2423 noster
660 2364 814 2437 Antonius,
829 2366 910 2424 cuius
928 2367 1003 2425 inter

55 2468 176 2525 lictores
189 2465 291 2524 lectica
304 2465 394 2523 mima
407 2473 545 2541 portatur.
589 2464 616 2519 6.
638 2461 696 2534 Tu,
711 2463 850 2539 quoniam
866 2474 1006 2540 quartana

57 2581 151 2634 cares,
174 2575 202 2622 et
226 2565 334 2622 nedum
363 2581 470 2622 novum
497 2563 634 2620 morbum
661 2561 816 2633 removisti,
838 2563 890 2621 sed
917 2563 1004 2622 etiarn

56 2661 256 2740 gravedinem,
274 2672 302 2720 te
323 2671 458 2737 vegetum
478 2661 564 2719 nobis
585 2660 616 2718 in
635 2659 759 2722 Graecia
778 2660 854 2731 siste,
870 2670 899 2718 et
917 2662 1005 2720 litter-

58 2777 146 2822 arum
160 2761 268 2838 aliquid
282 2761 399 2820 interea.

249 2957 294 3011 75.
337 2951 394 3010 ΑΙ)
416 2949 669 3010 FAMILIARES
690 2949 771 3009 XIV.
796 2954 823 3009 7.
928 2978 933 2985 -

76 3109 144 3170 Sca.
167 3129 198 3168 nr
218 3129 314 3170 rorru
335 3107 489 3170 Camrluo
510 3125 587 3168 utve
608 3121 776 3177 consenum,
798 3126 846 3165 vn.
869 3125 907 3164 m.
930 3105 995 3165 qu.

95 3236 180 3277 nuc.
197 3232 264 3293 705.
306 3236 430 3278 ruimus
451 3236 616 3276 aerumma
637 3235 711 3275 suar
731 3235 791 3276 sar.
812 3233 972 3274 murman.

110 3370 135 3411 1.
157 3350 261 3409 Ouuus
294 3351 442 3410 molestias
477 3360 505 3409 et
540 3348 754 3416 sollicitudines,
786 3347 893 3422 quibus
924 3355 953 3402 et
981 3355 1010 3401 te

63 3450 256 3532 miserrimam
280 3449 379 3520 habui,
401 3448 430 3507 id
452 3447 532 3526 quod
556 3447 628 3504 mihi
647 3447 885 3506 molestissimum
909 3453 961 3514 est,
987 3449 1013 3500 et
