2454 3842
242 269 287 334 94
516 263 555 314 rr.
581 262 702 313 rurrrr
723 263 913 314 creanours
1073 252 1141 334 [em
1157 261 1190 310 rr.

244 413 343 472 Cruris
367 413 474 490 repulsi
499 413 608 473 voltum
631 433 693 472 non
715 414 828 473 vidisse.
870 414 910 471 At
935 431 993 490 qua
1019 429 1082 490 spe,
1106 427 1190 489 quam

244 521 323 571 certa
343 514 481 588 opinione
502 513 708 572 descenderat!
734 531 823 590 quam
845 512 910 588 ipso
932 511 1083 570 diffidente
1104 511 1192 569 Dola-

242 610 335 668 bella!
362 621 392 670 et
412 610 552 682 hercules,
577 611 632 670 nisi
652 611 745 669 nostri
769 610 881 686 equites
905 609 1020 667 acutius
1045 609 1190 679 vidissent,

243 727 336 785 paene
368 709 549 768 concedente
582 710 746 768 adversario
780 717 952 785 superasset.
1006 707 1134 766 alliud
1166 719 1192 765 te

243 825 305 866 non
333 807 454 866 arbitror
476 807 618 878 miratum,
643 807 807 878 Servaeum,
831 806 1016 882 designatum
1046 807 1192 864 tribunum
1223 841 1225 904 l

242 906 291 983 pl,
309 906 546 975 condemnatum,
564 907 593 962 in
610 906 692 964 cuius
710 905 810 963 locum
827 903 861 963 C.
877 903 966 963 Curio
988 905 1072 980 petit.
1118 905 1194 963 Sane
1224 911 1225 936 ³

243 1025 333 1085 quam
359 1005 460 1064 incutit
485 1004 593 1076 multis,
617 1005 666 1080 qui
694 1021 762 1063 eum
790 1004 1014 1081 facilitatemque
1044 1005 1110 1064 eius
1135 1023 1193 1062 non

242 1114 358 1176 norunt,
375 1121 517 1179 magnum
537 1113 665 1175 metum3
687 1103 748 1174 sed,
765 1113 798 1160 ut
819 1121 905 1179 spero
922 1112 951 1161 et
969 1102 1040 1161 volo
1062 1113 1094 1162 et
1113 1114 1144 1162 ut
1164 1121 1194 1161 se

243 1205 297 1264 fert
320 1207 392 1280 ipse,
411 1205 507 1264 bonos
529 1214 557 1262 et
581 1213 715 1262 senatum
739 1203 844 1275 malet;
870 1213 956 1274 totus,
978 1213 1011 1261 ut
1038 1223 1121 1263 nunc
1141 1214 1192 1268 est

242 1305 300 1364 hoc
325 1305 449 1362 scaturit.
491 1303 588 1362 Huius
613 1314 711 1361 autem
735 1302 889 1362 voluntatis
909 1303 1027 1361 initium
1050 1315 1082 1362 et
1107 1323 1193 1363 causa

242 1412 294 1473 est,
309 1402 390 1478 quod
409 1421 476 1460 eum
494 1421 557 1460 non
575 1402 760 1461 mediocriter
775 1401 893 1473 Caesar,
908 1402 959 1478 qui
979 1402 1059 1460 solet
1079 1404 1191 1462 infimo·

242 1520 306 1559 rum
321 1500 474 1558 hominum
493 1500 648 1559 amicitiam
662 1500 718 1558 sibi
732 1499 860 1576 qualibet
874 1500 1008 1576 impensa
1022 1501 1193 1578 adiungere,

242 1598 325 1657 valde
344 1599 519 1674 contempsit
529 1618 537 1670 ς
562 1598 669 1675 quain
688 1616 719 1655 re
738 1598 809 1656 mihi
828 1598 939 1657 videtur
957 1597 1029 1656 illud
1050 1618 1193 1676 perquam

241 1707 361 1756 venuste
389 1696 536 1767 cecidisse,
558 1696 639 1773 quod
666 1715 684 1754 a
711 1697 826 1774 reliquis
853 1703 972 1774 quoqu'e
1004 1693 1117 1778 [usque
1144 1695 1193 1778 eo]

242 1806 285 1855 est
315 1796 559 1867 animadversum,
588 1805 619 1853 ut
651 1793 748 1867 Corin,
776 1796 826 1872 qui
856 1795 927 1853 nihil
955 1797 1086 1856 consilio
1119 1797 1194 1866 facit,

240 1896 351 1954 ratione
370 1905 398 1954 et
417 1895 526 1954 insidiis
545 1913 615 1953 usus
633 1895 775 1953 videretur
796 1895 826 1952 in
840 1893 980 1954 evitandis
1000 1896 1036 1953 iis
1053 1897 1193 1968 consiliis,

243 1992 355 2072 ”qui
384 2013 415 2054 se
440 1994 623 2053 intenderant
650 1994 827 2052 adversarios
845 1994 881 2051 'in
906 1993 968 2052 eius
992 1995 1195 2054 tribunatum:

241 2095 357 2154 Laelios
376 2104 405 2152 et
426 2093 571 2150 Antonios
592 2104 621 2151 et
641 2090 672 2150 id
692 2111 785 2168 genus
805 2091 932 2152 valentes
954 2092 1030 2151 dico.
1079 2113 1107 2170 3.
1131 2095 1194 2153 Has

242 2213 299 2272 ego
318 2193 369 2252 tibi
388 2193 495 2251 litteras
514 2208 550 2249 eo
568 2190 678 2249 maiore
696 2191 762 2249 misi
782 2191 938 2261 intervallo,
953 2191 1036 2266 quod
1057 2196 1191 2254 comitio-

241 2312 306 2352 rum
325 2292 476 2351 dilationes
496 2289 715 2365 occupatiorem
735 2307 783 2346 me
804 2289 950 2348 habebant
970 2299 998 2348 et
1018 2303 1193 2368 exspectare

241 2393 271 2451 in
286 2393 348 2450 dies
362 2390 469 2448 exitum
484 2389 637 2464 cogebant,
652 2397 684 2445 ut
703 2387 843 2446 conlectis
856 2388 993 2446 omnibus
1011 2397 1039 2446 te
1061 2390 1192 2450 facerem
1223 2429 1224 2434 κ

241 2491 400 2548 certiorem.
442 2487 491 2545 Ad
510 2486 659 2544 Kalendas
680 2485 759 2544 Sext.
774 2504 867 2563 usque
884 2487 1059 2563 exspectavi.
1105 2489 1191 2548 Prae-

240 2588 321 2646 toriis
347 2603 447 2644 morae
475 2571 620 2663 quaedam
644 2583 813 2644 inciderunt.
855 2583 926 2643 Mea
952 2603 1042 2662 porro
1070 2589 1192 2648 comitia

241 2703 330 2763 quem
344 2694 477 2743 eventum
498 2685 555 2742 sint
571 2683 715 2753 habitura,
727 2683 828 2741 nescio
837 2703 844 2755 ;
866 2682 1039 2760 opinionem
1056 2686 1191 2762 quidem,

239 2783 322 2859 quod
341 2784 378 2841 ad
399 2782 519 2841 Hirrum
540 2782 648 2854 attinet,
662 2781 860 2840 incredibilem
881 2782 1016 2841 aedilium
1037 2784 1079 2860 pl.
1096 2788 1191 2845 comi·

239 2883 285 2940 tiis
310 2890 395 2940 nacta
423 2891 498 2940 sunt.
539 2880 618 2939 Nam
640 2878 682 2938 M.
705 2879 838 2939 Coelium
859 2879 1045 2939 Vinicianum
1075 2886 1191 2944 mentio

238 2980 287 3038 illa
314 2978 401 3052 fatua,
425 2998 515 3056 quam
543 2978 734 3038 deriseramus
762 2979 840 3049 olim,
870 2989 898 3038 et
925 2980 1124 3057 promulgatio
1157 2983 1192 3042 de

240 3078 378 3137 dictatore
400 3078 495 3136 subito
518 3077 621 3136 deiecit
642 3086 671 3134 et
692 3077 836 3136 deiectum
856 3094 966 3154 magno
987 3077 1120 3138 clamore
1148 3083 1190 3139 in·

239 3187 338 3236 secuta
365 3186 426 3249 est;
462 3176 530 3234 inde
563 3175 684 3233 Hirrum
712 3174 807 3234 cuncti
837 3175 896 3232 iam
926 3192 988 3234 non
1018 3175 1191 3237 faciendum

238 3274 375 3351 flagitare.
418 3275 511 3351 Spero
532 3282 561 3332 te
582 3273 709 3332 celeriter
730 3282 759 3331 et
780 3273 816 3331 de
838 3273 932 3344 nobis,
951 3274 1031 3350 quod
1053 3279 1189 3350 sperasti,

237 3383 267 3431 et
286 3371 322 3432 de
341 3372 398 3444 illo,
414 3372 494 3448 quod
511 3373 558 3429 vix
577 3389 692 3446 sperare
711 3389 799 3429 ausus
818 3389 858 3440 eS,
874 3370 1045 3430 auditurum.
1092 3393 1123 3446 4.
1145 3376 1190 3436 De

238 3486 269 3529 re
293 3468 410 3544 publica
434 3469 493 3526 iam
517 3467 585 3524 novi
609 3466 766 3544 quicquam
790 3476 958 3544 exspectare
986 3469 1188 3548 dederamus,
