2436 3836
215 233 231 278 a
236 229 279 298 54
485 223 523 274 Μ.
547 224 668 274 rurrn
690 223 877 274 omanorum
1060 216 1128 300 [rats
1144 233 1162 276 u.

214 379 313 436 firmus
330 385 373 434 est
391 385 419 434 et
438 385 541 434 rectus.
584 375 644 434 Ser.
664 373 780 452 Sulpicii
800 384 894 434 morte
914 394 1068 453 magnum
1088 397 1159 454 prae-

214 477 318 534 sidium
337 474 494 534 amisimus.
538 493 564 548 3.
586 473 701 548 Reliqui
720 473 824 550 partim
843 475 960 545 inertes,
985 479 1099 552 partim
1115 479 1159 534 im·

213 574 316 651 probi;
338 590 398 631 non
413 571 482 630 nulli
496 571 623 630 invident
637 589 736 630 eorum
750 572 835 642 laudi,
850 591 927 648 quos
944 574 978 630 in
997 593 1032 632 re
1052 575 1157 650 publica

212 672 329 749 probari
353 671 466 741 vident;
501 670 602 746 populi
629 687 698 729 vero
726 669 853 728 Romani
881 671 1038 746 totiusque
1068 673 1156 730 Italiae

212 772 285 829 mira
312 769 467 830 consensio
494 777 544 826 est
590 767 674 828 Haec
701 777 783 827 erant
809 767 876 838 lere,
903 787 982 845 quae
1014 771 1068 828 nbi
1097 781 1156 829 nota

212 887 275 928 esse
296 868 412 938 vellem3
435 885 513 924 nunc
534 876 631 926 autem
650 877 729 943 opto,
747 875 779 924 ut
799 868 836 924 ab
856 867 917 925 istis
940 865 1080 927 Orientis
1100 887 1155 944 par·

211 964 286 1022 tibus
300 962 410 1020 virtutis
423 970 489 1020 tuae
503 961 600 1020 lumen
615 961 734 1020 eluceat.
777 960 859 1018 Vale.

400 1122 466 1176 129.
508 1117 840 1177 nortmannus
862 1117 897 1175 x.
921 1137 969 1192 31.
999 1170 1001 1173 ,

290 1235 354 1296 Ser.
378 1233 538 1294 Corpusne
560 1253 627 1292 xvn.
649 1234 725 1293 Kar.
746 1233 872 1292 Armras
894 1251 977 1293 auc.
1006 1248 1079 1308 711.

424 1360 449 1400 c.
465 1359 573 1400 ssrmus
593 1360 696 1401 ronrro
716 1358 848 1400 crcsrom
868 1358 889 1397 s.
905 1358 933 1397 n.

252 1480 276 1518 1.
299 1459 416 1518 Mrmur
435 1457 541 1514 mimm
559 1457 609 1514 tibi
629 1458 715 1516 debet
735 1457 824 1516 videri
843 1455 913 1514 nihil
931 1474 980 1515 me
1002 1459 1155 1536 scripsisse

208 1560 289 1618 dere
307 1555 430 1633 publica,
445 1565 636 1632 posteaquam
654 1556 726 1614 itum
740 1566 784 1614 est
802 1555 840 1614 ad
859 1574 954 1626 arma3
977 1573 1052 1614 nam
1069 1558 1154 1616 saltus

209 1655 434 1725 Castulonensis,
455 1654 504 1730 qui
523 1672 637 1730 semper
658 1655 748 1713 tenuit
768 1664 883 1714 nostros
903 1655 1084 1726 tabellarios,
1105 1657 1154 1714 etsi

207 1773 285 1816 nunc
299 1753 539 1828 frequentioribus
558 1752 713 1812 latrociniis
733 1753 863 1812 infestior
876 1752 968 1810 faetus
982 1763 1039 1822 est,
1055 1764 1154 1812 tamen

206 1870 390 1931 nequaquam
409 1860 488 1910 tanta
508 1851 539 1908 in
559 1869 641 1910 mora
661 1860 712 1922 est,
727 1861 834 1926 quanta
853 1851 902 1927 qui
920 1850 993 1910 locis
1014 1853 1153 1912 omnibus

206 1953 337 2030 dispositi
359 1951 395 2008 ab
415 1960 535 2026 utraque
556 1958 636 2025 parte
657 1959 819 2008 scrutantur
843 1949 1007 2008 tabellarios
1032 1960 1062 2009 et
1090 1954 1153 2012 reti-

205 2063 282 2114 nent.
324 2051 426 2126 Itaque
451 2049 506 2106 nisi
530 2067 602 2106 nave
623 2047 748 2124 perlatae
770 2048 878 2106 litterae
898 2057 1004 2118 essent,
1027 2052 1152 2110 omnino

205 2152 355 2220 nescirem,
377 2147 448 2224 quid
472 2147 535 2205 istic
559 2147 647 2207 fieret.
688 2145 776 2206 Nunc
796 2164 864 2218 vero
890 2155 993 2204 nactus
1015 2153 1152 2210 occasio-

204 2270 282 2315 nem,
301 2257 403 2325 postea
423 2263 512 2322 quam
533 2246 660 2322 navigari
681 2255 818 2321 coeptum
840 2254 891 2318 est,
908 2244 1104 2321 cupidissime
1126 2261 1154 2308 et

205 2367 292 2427 quam
314 2347 484 2406 creberrime
503 2354 606 2421 potero
628 2345 752 2402 scribam
771 2344 810 2403 ad
829 2353 865 2402 te.
911 2363 937 2401 a.
958 2343 1006 2402 Ne
1029 2364 1154 2408 movear

204 2452 265 2507 eius
284 2446 474 2515 sermonibus
489 2461 577 2520 quam
593 2443 707 2502 tametsi
726 2460 814 2500 nemo
835 2450 879 2500 est
896 2442 946 2518 qui
959 2442 1061 2503 videre
1075 2449 1153 2518 velit,

203 2559 301 2606 tamen
322 2561 507 2619 nequaquam
525 2540 646 2618 proinde
666 2560 701 2599 ac
720 2541 826 2617 dignus
845 2550 888 2602 est
908 2540 1035 2600 oderunt
1055 2544 1153 2604 homi·

203 2663 264 2715 nee,
283 2643 442 2720 periculum
464 2660 524 2700 non
543 2651 602 2700 est:
625 2640 699 2700 adeo
722 2649 766 2698 est
786 2641 864 2698 enim
883 2639 990 2698 invisus
1012 2643 1098 2715 mihi,
1122 2657 1154 2703 ut

202 2743 273 2800 nihil
293 2760 354 2802 non
375 2741 511 2800 acerbum
531 2749 639 2816 putem,
660 2739 740 2814 quod
759 2755 913 2796 commune
933 2756 1001 2796 cum
1019 2740 1074 2799 illo
1094 2745 1152 2815 sit;

202 2849 304 2900 natura
328 2851 424 2898 autem
451 2858 518 2900 mea
544 2848 573 2896 et
604 2837 697 2897 studia
724 2837 838 2895 trahunt
865 2855 913 2896 me
940 2836 978 2895 ad
1006 2842 1093 2914 pacis
1124 2856 1154 2902 et

201 2939 337 2998 libertatis
362 2939 555 3014 cupiditatem.
598 2938 700 3013 Itaque
728 2936 797 2994 illud
825 2937 936 2994 initium
961 2936 1054 2996 civilis
1081 2942 1152 3001 belli

202 3055 290 3112 saepe
311 3036 429 3109 deflevi;
452 3056 519 3096 cum
539 3055 607 3095 vero
628 3053 688 3094 non
708 3035 806 3094 liceret
830 3035 900 3094 mihi
925 3034 1031 3094 nullius
1055 3021 1153 3114 partis

202 3154 274 3206 esse,
288 3134 356 3210 quia
374 3136 526 3212 utmbique
545 3153 669 3210 magnos
686 3135 819 3193 inimicos
833 3134 984 3203 habebam,
1000 3152 1037 3192 ea
1053 3149 1153 3198 castra

201 3232 270 3310 fugi,
285 3233 315 3290 in
329 3233 433 3307 quibus
448 3235 533 3309 plane
546 3243 639 3292 tutum
652 3253 700 3292 me
715 3234 752 3292 ab
766 3232 876 3292 insidiis
890 3232 997 3290 inimici
1014 3235 1152 3298 sciebam

200 3349 262 3390 non
286 3330 411 3387 futurum
423 3351 431 3401 ;
456 3333 623 3407 compulsus
646 3351 691 3402 eo,
714 3351 774 3408 quo
796 3331 915 3390 minime
936 3330 1085 3405 volebam,
1110 3355 1151 3396 ne

200 3430 229 3498 in
254 3425 389 3486 extremis
414 3444 516 3498 essem,
540 3430 626 3502 plane
649 3430 776 3504 pericula
799 3447 861 3488 nou
885 3429 1050 3490 dubitanter
1078 3435 1148 3494 adii.
