2452 3842
65 255 115 317 Ep.
136 243 208 326 m]
280 241 395 309 amar.
418 260 468 308 Ar>
489 259 655 309 irrrcmr
674 258 748 306 rvr.
774 262 823 306 11.
953 259 1014 322 247

63 403 209 465 Ciceroni
223 408 297 482 lilio;
318 412 412 470 visum
427 422 545 470 estnon
559 409 688 466 ἀνοίκειον.
731 421 757 481 5.
779 407 826 466 De
841 404 958 482 Myrtilo
974 406 1016 464 di-

63 501 175 564 lucide.
217 506 245 567 O
267 508 366 584 quales
386 520 418 568 tu
438 527 551 585 semper
569 509 657 566 istos!
679 507 755 564 itane
773 506 803 562 in
821 503 859 563 D.
874 503 1014 562 Brutum?

64 602 98 659 di
113 603 196 662 istisl
238 607 264 663 6.
290 607 356 684 Ego
370 626 426 680 me,
440 618 473 665 ut
487 608 666 682 scripseram,
681 605 710 661 in
726 603 939 678 Pompeianum
953 621 1014 661 non

65 700 180 772 abdidi,
201 703 295 779 primo
316 706 544 783 tempestatibus,
566 704 671 781 quibus
692 702 733 761 nil
751 702 883 773 taetrius;
909 700 1014 758 deinde

64 798 107 855 ab
131 797 293 861 Octaviano
314 805 442 881 quotidie
463 803 581 874 litterae,
602 813 635 860 ut
655 801 806 876 negotium
828 801 1013 875 susciperem,

66 894 207 972 Capuam
220 903 356 972 venirem,
367 905 470 961 iterum
483 921 545 961 rem
558 903 708 978 publicam
722 918 874 971 servarem,
886 899 1014 956 Romam

65 996 172 1072 utique
185 1000 291 1060 statim.

235 1119 345 1170 αἴδεσθεν
354 1123 401 1183 μὲν
411 1123 549 1184 dammim,
560 1125 642 1173 δεῖσαν
652 1123 673 1170 δ’
682 1119 818 1184 ὑποδέχθαι.

67 1227 102 1286 Is
121 1237 221 1288 tamen
238 1233 297 1308 egit
316 1251 385 1292 sane
404 1245 518 1293 strenue
537 1246 566 1294 et
582 1236 657 1310 agit3
682 1233 810 1292 Romam
829 1230 924 1288 veniet
944 1245 1013 1286 cum

69 1344 164 1384 manu
180 1345 295 1405 magna,
311 1333 363 1390 sed
382 1344 424 1392 est
443 1334 529 1410 plane
548 1352 636 1410 puer:
657 1343 738 1413 putat
757 1339 889 1389 senatum
908 1327 1012 1385 statim.

71 1425 151 1497 Quis
164 1429 279 1487 veniet?
301 1431 324 1488 si
338 1432 455 1503 venerit,
469 1433 534 1507 quis
547 1433 661 1492 incertis
676 1433 761 1490 rebus
778 1426 908 1487 offendet
920 1426 1012 1483 Anto·

70 1525 177 1585 nium?
216 1527 282 1587 Kal.
304 1529 417 1587 Ianuar.
440 1532 492 1589 erit
512 1530 633 1590 fortasse
653 1529 805 1607 praesidio,
825 1537 874 1584 aut
895 1525 1013 1602 quidem

70 1632 140 1681 ante
165 1625 384 1701 depugnabitur.
432 1629 527 1687 Puero
548 1631 706 1706 municipia
726 1629 798 1686 mire
820 1626 932 1696 favent;
961 1623 1013 1680 iter

69 1721 151 1778 enim
175 1722 284 1782 faciens
308 1725 339 1782 in
367 1724 518 1783 Samnium
545 1728 622 1785 venit
651 1727 745 1796 Cales,
767 1724 873 1782 mansit
897 1723 1011 1810 'IJeaniz

69 1819 192 1878 mirifica
205 1821 346 1893 ἀπάντησις
359 1833 388 1881 et
403 1823 572 1882 cohortatio
615 1823 684 1883 Hoc
700 1834 730 1882 tu
744 1824 881 1899 putares?
903 1823 942 1879 ob
957 1820 1012 1876 hoc

70 1935 129 1992 ego
144 1920 226 1978 citius
241 1920 378 1993 Romam,
392 1939 481 1998 quam
495 1924 710 1981 constitueram.
754 1921 889 1980 simulet
906 1919 1013 1978 consti-

70 2027 162 2086 tuero,
177 2018 309 2079 scribam.
352 2032 378 2092 7.
389 2018 462 2077 'Etsi
477 2020 609 2078 nondum
626 2019 825 2096 stipulationes
844 2019 1013 2092 legeram-

72 2132 129 2172 nec
150 2117 227 2173 enirn
247 2113 322 2176 Eros
342 2127 509 2189 venerat-,
523 2129 622 2178 tamen
642 2137 705 2176 rem
725 2118 817 2194 pridie
837 2115 908 2173 Idus
927 2111 1013 2171 velim

72 2213 218 2273 conficias.
259 2215 405 2291 Epistolas
430 2215 572 2288 Catinam,
594 2217 833 2285 Tauromenium,
856 2213 1012 2291 Syracusas

72 2315 255 2372 commodius
275 2317 385 2373 mittere
406 2326 517 2391 potem,
539 2316 562 2373 si
583 2315 715 2374 Valerius
740 2316 880 2389 interpres
903 2311 941 2369 ad
964 2328 1012 2368 me

72 2414 192 2472 nomina
205 2413 396 2488 gratiosorum
415 2415 575 2490 scripserit;
598 2414 644 2472 alii
664 2413 741 2472 enim
762 2425 830 2472 sunt
849 2412 927 2482 alias,
942 2427 1011 2468 nos-

71 2515 163 2587 trique
182 2510 332 2569 saniliares
350 2511 408 2569 lere
428 2512 588 2570 demortui:
609 2512 725 2589 publice
744 2522 843 2570 tamen
863 2508 972 2585 scripsi,
987 2509 1012 2565 si

71 2612 113 2669 uti
130 2610 212 2668 vellet
232 2611 273 2668 eis
290 2609 429 2682 Valerius,
445 2621 494 2668 aut
512 2611 583 2668 mihi
602 2612 720 2670 nomina
739 2610 872 2668 mitteret.
916 2609 943 2665 8.
964 2603 1011 2662 De

71 2707 236 2784 Lepidianis
256 2707 332 2766 feriis
353 2707 461 2766 Balbus
482 2709 519 2767 ad
540 2727 596 2780 me,
613 2721 706 2784 usque
727 2707 765 2765 ad
786 2727 827 2765 111.
843 2705 909 2765 Kal.
950 2703 1010 2762 Ex-

71 2806 208 2882 spectabo
229 2816 292 2864 tuas
313 2806 427 2877 litteras,
448 2823 552 2882 meque
573 2808 605 2864 de
621 2805 763 2881 Torquati
785 2803 934 2881 negotiolo
956 2805 1010 2862 sci·

71 2917 166 2963 turum
186 2913 264 2980 puto.
308 2902 409 2975 Quinti
429 2902 534 2962 litteras
556 2903 594 2962 ad
615 2912 643 2962 te
664 2905 737 2974 misi,
756 2913 787 2961 ut
809 2903 906 2975 scires,
921 2920 1010 2979 quam

70 3001 152 3060 valde
166 3019 233 3060 eum
247 3010 364 3073 amaret,
375 3018 463 3075 quem
478 3001 557 3060 dolet
571 3015 630 3060 ate
644 3002 740 3059 minus
753 3002 850 3058 amari.
888 3001 1010 3071 Atticae,

71 3101 217 3177 quoniam,
231 3099 312 3177 quod
332 3099 475 3174 optimum
496 3100 526 3156 in
546 3100 643 3174 pueris
665 3109 717 3169 est,
732 3097 852 3158 hilarula
871 3110 922 3171 est,
937 3101 1009 3158 meis

73 3199 162 3258 verbis
183 3198 313 3257 suavium
327 3196 379 3256 des
393 3195 468 3254 volo.
