2454 3842
234 227 277 292 92
507 223 546 272 ra.
572 223 691 272 ruuurr
713 225 903 274 creanonrs
1070 210 1132 294 [rm
1145 225 1169 270 n

235 373 306 432 dixit
326 385 353 434 te
375 375 525 452 scripsisse
545 375 583 436 ad
604 395 644 447 se,
662 376 732 434 mihi
751 395 789 435 ex
810 377 884 435 illius
905 376 1003 434 litteris
1022 394 1089 434 rem
1106 376 1171 433 illanu

234 488 320 532 curae
340 472 437 546 fuisse,
459 475 538 551 quod
559 475 585 534 ei
607 486 772 552 pergratum
793 485 862 534 erat.
905 474 963 533 Sed
985 492 1055 532 cum
1078 475 1171 532 Patron

235 587 351 630 mecum
360 573 473 648 egisset,
480 583 511 632 ut
522 584 781 650 peteremavestro
790 575 1173 650 Ariopagainopvqpanrpb

234 669 375 743 tollerent,
386 690 475 749 quem
494 674 686 751 Polycharmo
699 683 833 750 praetore
846 671 982 741 fecerant,
996 670 1174 728 commodius

235 767 328 826 visum
342 779 386 828 est
400 780 428 828 et
443 771 560 829 Xenoni
574 782 602 830 et
616 781 684 848 post
698 771 752 847 ipsi
763 770 891 842 Patroni,
900 788 948 828 me
959 768 998 826 ad
1009 767 1175 825 Memmium

236 868 367 938 scribere,
390 870 439 945 qui
463 869 563 946 pridie,
585 887 675 945 quam
698 887 755 946 ego
777 869 909 928 Athenas
931 869 1006 938 veni,
1027 865 1176 942 Mytilenas

236 966 384 1043 profectus
399 978 468 1033 erat,
483 976 514 1026 ut
528 970 553 1028 is
568 968 604 1028 ad
619 986 688 1028 suos
703 970 841 1028 scriberet
854 986 942 1045 posse
961 967 991 1025 id
1009 985 1066 1024 sua
1085 964 1179 1022 volun·

236 1075 294 1123 tate
313 1065 390 1137 fieri;
413 1084 473 1124 non
492 1067 570 1125 enim
590 1066 739 1125 dubitabat
758 1067 844 1125 Xeno
864 1068 936 1144 quin
954 1067 992 1124 ab
1007 1063 1179 1141 Ariopagitis

236 1165 326 1223 invito
345 1162 487 1222 Memmio
504 1165 651 1241 impetrari
672 1183 733 1225 non
754 1177 863 1243 posset.
907 1165 1070 1224 Memmius
1092 1171 1180 1221 autem

237 1260 409 1319 aedificandi
433 1262 586 1320 consilium
607 1263 759 1334 abiecerat,
782 1263 835 1322 sed
855 1274 917 1322 erat
937 1263 1059 1321 Patroni
1083 1263 1181 1319 iratus:

237 1360 333 1434 itaque
349 1359 448 1434 scripsi
463 1359 500 1418 ad
515 1378 583 1418 eum
598 1369 739 1432 accurate,
755 1363 836 1420 cuius
855 1361 994 1437 epistolae
1015 1360 1085 1418 misi
1105 1361 1143 1419 ad
1158 1369 1181 1416 te

238 1457 413 1532 exemplum.
456 1469 483 1531 7.
505 1457 554 1515 Tu
575 1459 660 1516 velim
681 1459 784 1517 Piliam
804 1461 878 1518 meis
898 1461 992 1518 verbis
1016 1459 1181 1526 consolere;

238 1555 376 1614 indicabo
390 1557 467 1614 enim
480 1558 550 1630 tibi;
571 1567 602 1615 tu
617 1558 655 1615 illi
669 1557 739 1615 nihil
752 1558 874 1617 dixeris:
890 1559 991 1634 accepi
1006 1557 1181 1622 fasciculum,

239 1656 268 1712 in
294 1672 353 1731 quo
378 1665 438 1714 erat
463 1656 584 1731 epistola
607 1655 712 1721 Piliae:
742 1656 854 1728 abstuli,
876 1657 984 1733 aperui,
1005 1656 1083 1731 legi;
1107 1655 1182 1714 valde

238 1754 344 1831 scripta
353 1764 397 1812 est
408 1756 555 1826 συμπαθῶς.
584 1754 740 1813 Brundisio
752 1773 827 1831 quae
838 1756 889 1814 tibi
900 1753 1046 1830 epistolae
1057 1754 1182 1812 redditae

238 1863 305 1910 sunt
324 1855 386 1911 sine
404 1872 478 1925 mea,
493 1864 555 1911 tum
569 1854 701 1913 videlicet
716 1853 799 1912 datae
814 1862 890 1924 sunt,
905 1872 974 1911 curn
989 1871 1048 1928 ego
1063 1871 1115 1912 me
1130 1869 1183 1910 non

237 1951 311 2010 belle
321 1951 475 2024 haberem;
491 1951 592 2020 nam†
607 1952 685 2010 illam
700 1955 835 2027 νομονδρία
849 1971 897 2011 me
911 1952 1140 2011 excusationem
1153 1969 1184 2007 ne

238 2051 393 2127 acceperis.
436 2050 514 2110 Cura
527 2061 559 2109 ut
573 2051 672 2109 omnia
686 2052 787 2123 sciam,
801 2051 853 2110 sed
868 2052 996 2110 maxime
1009 2061 1043 2109 ut
1058 2051 1165 2110 valeas

463 2210 510 2265 32.
553 2204 610 2263 AD
632 2203 827 2265 ATTICUM
849 2205 886 2264 V.
912 2206 957 2264 16.

255 2323 321 2384 Sca.
342 2341 373 2382 m
394 2339 513 2382 rrnunnn
534 2341 552 2379 a
575 2319 712 2379 Sunuaun
734 2339 772 2379 au
793 2315 1006 2379 Pmuouiuuruur
1027 2339 1057 2378 n.
1081 2339 1111 2380 n.
1133 2340 1172 2379 ru.

505 2420 575 2479 Inus
597 2417 738 2478 Snxrruns
759 2437 842 2478 auc.
866 2431 933 2494 703.

558 2544 661 2587 CICERO
683 2543 789 2585 ATTICO
809 2543 871 2584 SAL.

1216 2117 1218 2200 l

287 2662 310 2699 r.
333 2641 404 2700 Ersr
420 2642 451 2699 in
465 2643 529 2719 ipso
544 2642 645 2699 itinere
659 2648 688 2699 et
702 2639 747 2698 via
760 2640 949 2698 discedebant
963 2639 1189 2715 publicanorum

241 2741 378 2801 tabellarii
406 2750 435 2799 et
462 2757 576 2800 eamus
600 2741 748 2810 incursu,
773 2749 872 2797 tamen
897 2739 1115 2816 surripiendum
1144 2743 1190 2800 ali-

242 2840 313 2918 quid
343 2839 441 2916 putavi
475 2841 568 2916 spatii,
600 2857 636 2897 ne
666 2856 714 2896 me
744 2838 948 2896 immemorem
982 2840 1116 2900 mandati
1153 2841 1189 2898 tui

241 2949 359 3016 putares
370 2959 378 3012 3
411 2940 507 3014 itaque
534 2937 652 2997 subsedi
679 2938 709 2994 in
737 2937 802 3012 ipsa
828 2936 883 3006 via,
907 2937 977 2994 dum
1004 2936 1091 3007 haec,
1115 2956 1190 3014 quae

241 3038 404 3114 longiorem
425 3037 589 3094 desiderant
610 3036 778 3104 orationem,
800 3035 967 3092 summatim
991 3035 1042 3092 tibi
1067 3040 1189 3110 perscri-

242 3137 349 3195 berem.
395 3155 421 3194 a.
444 3134 576 3192 Maxima
596 3133 813 3210 exspectatione
833 3133 864 3190 in
885 3131 1029 3207 perditam
1051 3143 1083 3191 et
1106 3135 1190 3210 plane

243 3252 373 3294 eversam
400 3235 431 3292 in
463 3241 637 3309 perpetuum
669 3232 848 3308 provinciam
882 3248 936 3288 nos
967 3221 1083 3289 venisse
1118 3233 1190 3290 scito

243 3333 334 3412 pridie
366 3331 432 3390 Kal.
462 3330 591 3402 Sextiles,
619 3338 749 3388 moratos
778 3329 905 3386 triduum
936 3328 1113 3402 Laodiceae,
1144 3331 1191 3388 tn'-

243 3434 334 3491 duum
368 3432 527 3506 Apameae,
560 3427 682 3485 totidem
717 3427 779 3484 dies
815 3426 959 3503 Synnade.
1015 3426 1191 3486 Audivimus
