2452 3842
88 185 248 270 np.93,94]
275 197 386 246 arzer.
408 197 459 244 An
479 195 702 246 ramararms
722 200 771 249 ιν.
799 204 847 266 14.
968 199 1030 262 203

87 351 268 420 conficianrr,
288 349 436 425 ipsosque,
457 365 583 424 quorum
607 350 727 408 nomina
754 350 863 426 scripsi,
884 357 915 407 ut
943 367 1031 425 quam

87 447 378 508 honorificentissime
398 465 452 523 pro
473 456 522 505 tua
544 456 646 506 natura
670 458 699 506 et
722 465 811 524 quam
835 448 1031 508 liberalissime

86 555 202 606 tractes.
233 565 259 620 3.
270 546 372 604 Bonos
382 546 458 604 viros
469 546 507 604 ad
518 554 598 603 tuam
608 547 853 605 necessitudinem
867 546 1031 605 adiunxeris

86 645 337 722 municipiumque
350 644 546 720 gratissimum
559 644 703 703 beneficio
717 653 768 704 tuo
783 644 951 714 devinxeris,
961 645 1031 702 mihi

88 762 158 804 vero
172 744 259 802 etiam
273 743 381 819 gratius
399 742 509 813 feceris,
524 743 605 818 quod
623 761 691 801 cum
710 761 826 818 semper
845 743 917 803 tueri
936 745 1031 802 muni-

88 842 168 917 cipes
182 859 265 899 meos
279 840 426 912 consuevi,
441 849 504 898 tum
522 839 569 899 hic
588 858 681 898 annus
700 841 856 918 praecipue
876 840 914 899 ad
933 857 1030 898 meam
1070 867 1072 872 .

88 958 188 1000 curam
206 939 392 1015 officiumque
413 938 552 1015 pertinet:
575 956 644 996 nam
665 939 860 998 constituendi
881 937 1030 1013 municipii

87 1056 177 1096 causa
190 1037 248 1097 hoc
262 1055 340 1096 anno
355 1036 478 1096 aedilem
493 1036 582 1094 filium
596 1055 695 1094 meum
715 1037 775 1095 fieri
794 1037 871 1095 volui
891 1045 919 1095 et
938 1035 1030 1094 fratris

86 1136 178 1194 filium
205 1146 235 1194 et
261 1136 304 1194 M.
328 1134 474 1206 Caesium,
498 1134 649 1193 hominem
677 1135 748 1193 mihi
776 1135 902 1194 maxime
930 1151 1031 1192 neces·
1068 1185 1072 1196 .

86 1233 212 1300 sarium;
227 1235 252 1292 is
266 1235 345 1293 enim
359 1233 543 1309 magistratus
557 1232 587 1288 in
601 1243 702 1291 nostro
716 1233 875 1309 municipio
890 1251 944 1292 nec
959 1232 1031 1291 alius

84 1331 161 1390 ullus
175 1334 264 1392 creari
279 1333 369 1403 solet;
390 1349 467 1408 quos
486 1329 688 1390 cohonestaris
708 1331 738 1389 in
757 1332 916 1408 primisque
935 1348 991 1401 me,
1006 1331 1031 1389 si
1095 1389 1101 1400 ,

85 1448 134 1487 res
155 1430 270 1506 publica
288 1430 437 1506 municipii
455 1438 506 1488 tuo
526 1429 630 1500 studi0,
646 1429 792 1506 diligentia
812 1431 888 1488 benc
908 1429 1031 1488 admini-

84 1536 176 1587 strata
196 1531 256 1588 erit.
298 1527 388 1600 Quod
408 1536 441 1586 ut
461 1526 559 1598 facias
580 1536 608 1586 te
630 1527 814 1588 vehementer
835 1529 922 1588 etiam
943 1538 1030 1604 atque

83 1626 175 1686 etiam
194 1647 276 1705 rogo.

276 1785 325 1844 94.
368 1786 424 1843 ΑΙ)
445 1784 698 1845 FAMILIARES
720 1783 772 1843 IV.
797 1804 841 1857 14.

364 1900 429 1961 Sca.
451 1899 561 1960 Roriam
581 1918 665 1960 nuc.
684 1902 751 1974 708.

339 2026 370 2066 n.
385 2025 487 2067 crcuuo
507 2025 528 2065 s·
544 2026 572 2064 n.
587 2024 631 2065 cu.
646 2023 779 2065 renuero.

132 2139 156 2180 r.
177 2121 266 2181 Brutis
284 2132 347 2181 ate
368 2123 468 2199 accepi
488 2123 605 2192 litteras,
621 2120 765 2196 Corcyrae
787 2119 885 2191 datas;
908 2137 1030 2197 quarum

80 2220 181 2280 alteris
198 2220 269 2278 mihi
289 2221 480 2297 gratulabare,
495 2220 576 2296 quod
596 2219 727 2278 audisses
747 2237 795 2277 me
817 2236 914 2277 meam
934 2219 1030 2295 pristi-

80 2336 156 2376 nam
181 2319 352 2394 dignitatem
376 2320 517 2389 obtinere,
538 2318 633 2376 alteris
657 2317 775 2376 dicebas
800 2326 828 2375 te
852 2316 933 2387 velle,
955 2334 1029 2391 quae

81 2417 221 2493 egissem,
231 2419 308 2477 bene
328 2429 357 2477 et
376 2416 493 2477 feliciter
507 2416 629 2475 evenire.
663 2415 731 2492 Ego
744 2426 850 2485 autern,
865 2415 890 2473 si
904 2415 1030 2490 dignitas

81 2525 131 2574 est
143 2517 219 2575 bene
233 2515 270 2574 de
285 2535 316 2575 re
330 2516 445 2593 publica
459 2516 564 2574 sentire
579 2523 608 2572 et
625 2514 711 2573 bouis
725 2513 791 2572 viris
810 2514 933 2589 probare
948 2513 1029 2588 quod

81 2614 202 2686 sentias,
217 2615 336 2674 obtineo
351 2614 521 2690 dignitatem
534 2630 648 2684 meam;
671 2614 715 2671 sin
729 2621 826 2671 autem
839 2611 870 2668 in
884 2630 920 2670 eo
935 2612 1028 2688 digni·

80 2725 130 2773 tas
145 2725 197 2786 est,
212 2716 245 2786 si,
260 2715 342 2791 quod
357 2714 471 2784 sentias,
487 2723 536 2772 aut
549 2731 580 2770 re
595 2712 708 2770 efficere
721 2712 817 2788 possis
834 2721 884 2769 aut
903 2711 1029 2788 denique

80 2814 175 2872 libera
188 2816 319 2872 oratioue
336 2812 500 2884 defendere,
515 2830 552 2870 ue
570 2810 723 2886 vestigium
742 2809 860 2886 quidem
877 2809 968 2868 ullum
985 2820 1029 2870 est

80 2911 229 2988 reliquum
250 2912 335 2971 nobis
356 2911 511 2987 dignitatis,
526 2910 676 2985 agitiuque
697 2907 852 2982 praeclare,
869 2908 892 2966 si
913 2917 1029 2967 nosmet

79 3011 166 3086 ipsos
187 3028 287 3086 regere
308 3026 474 3086 possumus,
494 3017 527 3066 ut
548 3025 591 3077 ea,
613 3024 688 3082 quae
709 3006 813 3081 partim
834 3005 892 3064 iam
915 3007 1029 3076 adsunt,

80 3110 191 3186 partim
205 3109 385 3187 impendent,
399 3107 549 3166 moderate
563 3105 697 3170 feramus,
713 3103 794 3179 quod
808 3114 851 3163 est
866 3105 978 3164 difficile
997 3107 1029 3163 in

80 3207 147 3266 eius
171 3207 254 3267 modi
276 3207 362 3277 bello,
384 3206 467 3264 cuius
494 3204 589 3263 exitus
617 3220 653 3260 ex
681 3201 770 3261 altera
797 3212 878 3279 parte
907 3205 1029 3263 caedem

79 3315 220 3376 ostentat,
242 3324 278 3364 ex
299 3304 387 3363 altera
411 3303 583 3362 servitutem.
628 3320 654 3358 a.
676 3298 745 3372 Quo
766 3301 796 3358 in
818 3302 945 3377 periculo
966 3319 1028 3360 non

79 3403 156 3463 nihil
173 3423 220 3463 me
240 3403 414 3474 consolatur,
430 3419 499 3462 cum
514 3399 652 3460 recordor
670 3399 743 3460 haec
764 3419 811 3458 me
833 3410 895 3459 tum
913 3400 1027 3471 vidisse,
