2436 3836
188 184 249 252 252
472 186 510 236 rr.
537 186 656 236 rurrrr
677 187 864 236 cressonis
1026 175 1099 258 [Pars
1114 189 1141 233 v.

188 351 255 392 cum
275 336 310 394 iis
331 345 444 396 tantum
465 340 574 414 negotii
593 349 646 410 est,
665 349 697 398 ut
715 349 842 398 vestrum
863 338 934 397 illud
956 339 1094 397 divinum
1114 340 1142 395 in

188 450 250 490 rem
271 435 416 509 publicam
437 437 612 496 beneficium
633 457 694 496 non
715 438 824 496 nullam
849 437 958 495 habeat
979 437 1141 513 querelam.

190 528 279 601 Quod
300 551 403 592 veroa
424 544 460 605 te,
478 536 539 594 viro
556 537 678 612 optimo,
694 537 829 596 seductus
851 546 894 594 est
914 545 1031 611 tuoque
1053 537 1142 593 bene-

190 630 256 689 ficio
281 631 375 691 adhuc
400 634 465 692 vivit
489 633 562 692 haec
587 635 685 711 pestis,
708 634 860 703 interdum,
886 634 969 710 quod
995 633 1071 691 mihi
1099 634 1141 688 vir

190 728 233 787 sas
252 741 303 799 est,
319 731 369 789 tibi
390 733 566 791 subirascor:
588 733 659 790 mihi
677 733 756 791 enim
777 733 885 808 negotii
907 731 976 807 plus
998 732 1141 808 reliquisti

188 827 240 885 uni
260 846 349 904 quam
369 840 482 904 praeter
503 849 551 888 me
574 829 718 888 omnibus.
760 829 801 887 Ut
821 829 898 886 enim
919 829 1054 904 primurn
1077 841 1143 904 post

190 927 310 986 Antonii
342 927 542 988 foedissimum
575 929 735 988 discessum
767 938 883 987 senatus
914 929 1022 986 haberi
1055 930 1143 987 libere

190 1026 291 1100 potuit,
313 1026 350 1084 ad
371 1026 449 1084 illum
470 1028 600 1084 animum
620 1046 720 1085 meum
740 1027 842 1086 reverti
862 1027 1031 1103 pristinum,
1055 1046 1144 1102 quem

190 1135 222 1181 tu
236 1142 304 1182 cum
317 1124 370 1183 civi
390 1127 539 1196 acerrimo,
554 1136 636 1202 patre
658 1136 717 1196 tu0,
731 1124 762 1183 in
781 1144 831 1183 ore
850 1136 879 1182 et
897 1143 1000 1182 amore
1025 1144 1145 1201 semper

190 1220 320 1280 habuisti.
377 1242 403 1281 2.
424 1223 503 1280 Nam
531 1242 598 1282 cum
628 1233 761 1282 senatum
789 1243 814 1281 a.
839 1223 867 1282 d.
893 1242 953 1280 xrn.
985 1223 1144 1282 Kalendas

192 1321 339 1379 Ianuarias
360 1322 465 1379 tribuni
486 1321 525 1398 pl.
542 1323 723 1380 vocavissent
744 1321 839 1397 deque
859 1321 913 1379 alia
933 1340 966 1378 re
987 1322 1143 1392 referrent,

190 1429 282 1477 totam
309 1439 371 1479 rem
397 1420 544 1496 publicam
571 1438 636 1477 sum
664 1420 833 1496 complexus
861 1421 966 1495 egique
995 1424 1144 1478 acerrime
1202 1483 1203 1488 χ

192 1527 380 1592 senatumque
405 1519 462 1576 iam
485 1518 671 1593 languentem
695 1526 723 1575 et
749 1517 894 1576 defessum
918 1516 956 1575 ad
983 1519 1143 1593 pristinam

190 1615 323 1673 virtutem
344 1617 643 1692 consuetudinemque
664 1618 794 1674 revocavi
816 1617 909 1691 magis
931 1617 1025 1673 animi
1052 1637 1144 1693 quam

191 1714 300 1788 ingenii
319 1716 433 1774 viribus.
475 1715 533 1773 Hic
553 1715 614 1772 dies
635 1733 759 1791 meaque
779 1715 926 1772 contentio
947 1725 1042 1790 atque
1066 1718 1144 1774 actio

193 1829 276 1888 spem
296 1813 422 1888 primum
441 1813 552 1890 populo
574 1813 711 1871 Romano
732 1812 822 1870 attulit
842 1812 977 1870 libertatis
1001 1831 1144 1890 recuper-

193 1912 302 1984 andae;
324 1932 379 1972 nec
400 1930 468 1972 vero
489 1913 551 1987 ipse
571 1922 674 1987 postea
693 1921 807 1985 tempus
828 1911 916 1969 ullum
938 1912 1089 1970 intermisi
1108 1914 1144 1970 de

192 2029 223 2069 re
255 2010 371 2086 publica
402 2029 462 2069 non
496 2010 643 2086 cogitandi
673 2009 777 2080 solum,
811 2009 864 2068 sed
895 2008 983 2067 etiam
1019 2012 1143 2085 agendi.

195 2129 220 2183 3.
244 2107 334 2180 Quod
350 2110 404 2168 nisi
426 2127 471 2167 res
490 2110 614 2166 urbanas
638 2117 758 2182 actaque
784 2108 882 2164 omnia
906 2107 944 2164 ad
963 2115 994 2163 te
1016 2108 1143 2182 perferri

194 2208 351 2278 arbitrarer,
372 2207 435 2283 ipse
459 2207 675 2282 perscriberem,
697 2222 875 2281 quamquam
896 2222 974 2262 eram
999 2207 1143 2265 maximis

193 2306 432 2381 occupationibus
452 2304 616 2381 impeditus.
660 2302 718 2360 Sed
739 2303 787 2361 illa
807 2320 969 2379 cognosces
992 2321 1030 2360 ex
1059 2305 1141 2376 aliis;

194 2424 211 2463 a
230 2423 278 2463 me
295 2421 396 2480 pauca,
412 2414 439 2462 et
457 2422 492 2461 ea
511 2401 692 2461 summatim:
714 2400 854 2458 habemus
870 2399 973 2458 fortem
991 2413 1141 2474 senatum,

195 2502 359 2560 consulares
372 2502 478 2577 partim
492 2499 616 2571 timidos,
632 2498 736 2574 partim
750 2498 826 2556 male
841 2499 1005 2556 sentientes,
1051 2498 1141 2576 Mag-

196 2617 265 2656 num
287 2599 425 2658 damnum
447 2599 618 2658 factumest
643 2598 673 2656 in
696 2594 802 2656 Servi0.
844 2597 878 2657 L.
893 2596 1003 2656 Caesar
1025 2601 1141 2674 optime

195 2699 288 2769 sentit,
303 2699 363 2770 sed,
378 2697 458 2776 quod
478 2696 635 2755 avunculus
656 2706 708 2769 est,
724 2715 784 2754 non
805 2696 957 2754 acerrimas
977 2695 1050 2754 dicit
1074 2715 1140 2756 sen-

195 2796 306 2855 tentias.
349 2795 490 2855 Consules
512 2795 635 2872 egregii;
661 2795 824 2873 praeclarus
845 2794 882 2852 D.
897 2793 1023 2864 Brutus;
1055 2813 1139 2872 egre-

196 2894 260 2969 gius
282 2911 353 2968 puer
375 2893 490 2964 Caesar,
506 2894 542 2951 de
563 2910 622 2969 quo
644 2910 729 2968 spero
750 2892 885 2967 equidem
905 2892 1022 2967 reliqua.
1069 2893 1139 2953 Hoc

196 3008 264 3049 vero
283 3002 393 3050 certum
409 2993 523 3063 habet0,
538 2991 592 3049 nisi
612 2989 657 3048 ille
675 3002 825 3050 veteranos
843 2991 969 3050 celeriter
986 2994 1139 3069 conscrip-

197 3091 280 3148 sisset
303 3089 490 3166 legionesque
515 3089 589 3148 duae
612 3088 648 3147 de
670 3090 797 3148 exercitu
818 3088 938 3146 Antonii
960 3087 998 3145 ad
1022 3089 1086 3148 eius
1107 3110 1138 3149 se

197 3189 396 3247 auctoritatem
415 3188 604 3246 contulissent
625 3197 711 3262 atque
732 3187 757 3246 is
776 3187 927 3262 oppositus
948 3195 1025 3243 esset
1046 3195 1138 3247 terror

197 3287 336 3354 Antonio,
356 3283 426 3340 nihil
446 3285 608 3342 Antonium
629 3284 750 3354 sceleris,
770 3285 840 3342 nihil
859 3283 1031 3343 crudelitatis
1053 3303 1138 3360 prae-

197 3385 346 3442 teriturum
367 3378 460 3438 luisse.
502 3379 587 3439 Haec
607 3381 667 3452 tibi,
689 3383 742 3441 etsi
767 3381 863 3440 audita
884 3398 948 3442 esse
968 3381 1134 3457 arbitrabar,
