2452 3842
65 207 172 288 spes]
302 219 413 268 amer.
432 219 482 268 Ab
503 219 670 268 arricum
688 220 721 268 x.
741 225 768 268 1.
947 207 1005 268 161

63 370 146 428 velim
161 371 261 429 iubeas
276 370 441 447 plurimum.
486 391 512 430 a.
534 372 583 430 Tu
597 379 680 430 tuum
699 371 854 430 consilium
873 371 927 429 etsi
945 387 1007 428 non

63 469 92 525 in
108 468 300 545 longinquum
319 479 434 546 tempus
454 470 653 530 differs-iam
673 471 753 529 enim
774 469 854 528 illum
875 479 1007 546 emptum

61 567 275 642 pacificatorem
295 585 447 644 perorasse
467 576 548 644 pute,
563 569 623 626 iam
644 579 741 626 actum
762 567 869 644 aliquid
890 585 953 625 esse
975 567 1006 624 in

62 683 200 725 consessu
224 674 556 725 senatorum÷senatum
581 668 660 724 enim
680 683 742 724 non
763 676 884 742 puto-,
906 674 1005 723 tamen

62 782 235 840 suspensum
249 783 296 823 me
310 765 378 823 inde
390 774 481 835 tenes,
494 765 593 824 sedeo
607 765 712 834 minus,
723 763 803 840 quod
817 781 879 821 nou
893 763 1007 834 dubito,

60 863 129 938 quid
143 864 228 921 nobis
242 863 389 939 agendum
404 871 496 941 putes.
533 863 592 935 Qui
606 865 686 921 enim
701 862 799 921 Flavio
814 860 962 938 legionem
975 872 1007 920 et

60 961 185 1020 Siciliam
200 961 261 1020 dari
275 961 384 1020 scribas
398 970 427 1020 et
441 961 471 1020 id
485 961 543 1019 iarn
557 961 626 1033 fieri,
638 979 713 1038 quae
727 970 759 1018 tu
774 959 884 1018 scelera
897 959 1003 1046 partim

59 1060 152 1134 parari
166 1060 224 1118 iam
239 1070 267 1118 et
286 1060 415 1135 cogitari,
431 1061 545 1136 partim·
556 1079 593 1118 ex
612 1070 745 1136 tempore
766 1058 861 1116 futura
881 1060 1003 1117 censes?

60 1159 127 1235 Ego
140 1177 208 1217 vero
224 1158 348 1230 Solonis,
364 1159 512 1235 popularis
526 1161 575 1230 tui,
590 1168 708 1235 utputo
723 1158 811 1216 etiam
825 1156 891 1226 mei,
906 1156 1003 1232 legem

60 1259 223 1333 neglegam,
233 1259 282 1334 qui
293 1259 386 1334 capite
398 1258 503 1328 sanxit,
513 1258 537 1315 si
548 1258 598 1333 qui
611 1259 642 1315 in
657 1256 799 1315 seditione
812 1273 875 1313 uon
889 1254 1005 1313 alterius

60 1359 151 1416 utrius
176 1359 264 1432 partis
287 1357 397 1427 fuisset,
417 1364 450 1427 et,
472 1357 528 1416 nisi
552 1358 576 1415 si
600 1367 632 1415 tu
653 1357 733 1415 aliter
755 1373 865 1420 censes,
887 1364 916 1412 et
936 1354 1004 1412 hinc

60 1457 150 1513 abero
171 1465 200 1513 et
219 1456 306 1528 illim;
332 1456 385 1514 sed
405 1455 526 1514 alterum
547 1455 618 1512 mihi
639 1465 684 1513 est
706 1455 819 1525 certius,
841 1471 897 1511 nec
921 1471 1004 1529 prae-

60 1554 166 1629 cipiam
185 1565 299 1612 tamen:
321 1555 499 1630 exspectabo
517 1563 599 1612 tuum
614 1553 810 1612 consiliumet
824 1570 874 1610 eas
888 1552 1003 1621 litteras

59 1653 116 1710 nisi
129 1652 199 1712 alias
214 1654 272 1711 iam
286 1653 398 1723 dedisti,
408 1671 481 1728 quas
495 1652 595 1728 scripsi
608 1662 640 1710 ut
655 1650 827 1727 Cephalioni
842 1651 934 1708 dares.
977 1669 1006 1724 3.

59 1749 152 1821 Quod
176 1750 286 1820 scribis,
308 1768 370 1808 non
395 1768 454 1826 quo
480 1750 595 1808 aliunde
617 1749 752 1820 audieris,
777 1749 831 1808 sed
855 1761 883 1807 te
907 1749 1004 1824 ipsum

59 1857 161 1921 putare
182 1865 229 1904 me
250 1857 401 1907 attractum
420 1848 463 1919 iri,
477 1848 502 1906 si
521 1847 557 1905 de
576 1865 649 1924 pace
669 1857 778 1923 agatur,
793 1846 864 1903 mihi
883 1846 1004 1903 omnino

57 1963 122 2002 non
136 1946 214 2004 venit
228 1946 258 2003 in
272 1956 410 2017 mentem,
425 1963 500 2022 quae
515 1946 607 2022 possit
622 1946 697 2004 actio
711 1963 775 2004 esse
791 1945 827 2003 de
842 1963 923 2021 pace,
936 1962 1003 2002 cum

57 2043 98 2101 illi
113 2044 305 2104 certissimum
327 2045 370 2116 sit,
387 2045 411 2104 si
432 2045 533 2121 possit,
553 2044 715 2120 exspoliare
737 2044 865 2101 exercitu
885 2052 914 2100 et
934 2059 1003 2118 pro·

56 2146 154 2202 vincia
167 2146 349 2223 Pompeium,
364 2147 419 2204 nisi
430 2146 503 2205 forte
517 2147 570 2205 iste
584 2146 763 2204 nummarius
777 2146 805 2202 ei
823 2152 919 2220 potest
937 2162 1002 2219 per-

55 2245 192 2314 suadere,
201 2255 241 2315 ut,
252 2246 322 2304 dum
336 2255 467 2304 oratores
481 2255 548 2304 eant
563 2253 592 2304 et
604 2245 733 2314 redeant,
749 2244 885 2320 quiescat.
922 2243 1002 2301 Nihil

55 2343 153 2413 vidae,
168 2343 249 2418 quod
263 2361 378 2419 sperem
393 2353 442 2402 aut
456 2343 609 2420 quodiam
624 2352 724 2419 putem
741 2342 802 2399 fieri
821 2358 908 2416 posse
920 2359 927 2411 ;
950 2340 1003 2399 sed

53 2451 157 2498 tamen
171 2441 297 2500 hominis
311 2441 368 2500 hoc
383 2442 479 2517 ipsum
493 2442 578 2517 probi
593 2451 644 2499 est.
688 2439 833 2516 Magnum
848 2448 891 2497 est
911 2448 939 2496 et
952 2446 1003 2494 τῶν

53 2542 262 2596 πολιτικωτάτων
280 2542 439 2612 σκεμμάτων,
453 2539 668 2598 veniendumne
683 2540 719 2598 sit
738 2539 768 2595 in
787 2537 940 2596 consilium
959 2547 1002 2613 ty·

53 2634 151 2703 ranni,
166 2634 190 2691 si
204 2634 227 2693 is
242 2634 338 2711 aliqua
353 2635 389 2692 de
404 2653 434 2693 re
450 2636 530 2692 bona
550 2635 757 2693 deliberaturus
777 2634 828 2705 sit;
844 2651 903 2708 qua
921 2651 961 2703 re,
977 2635 1002 2691 si

53 2731 128 2808 quid
152 2732 214 2790 eius
235 2732 317 2791 modi
338 2733 471 2802 evenerit,
491 2741 524 2789 ut
544 2730 845 2808 arcessamur-quod
866 2730 1002 2806 equidem

52 2848 117 2887 non
133 2847 220 2900 curo;
243 2831 313 2907 quid
328 2831 407 2889 enim
426 2848 521 2888 essem
543 2831 579 2888 de
598 2847 671 2907 pace
691 2830 826 2902 dicturus,
842 2828 917 2900 dixi3
938 2829 1002 2905 ipse

52 2923 140 2981 valde
168 2924 377 3000 repudiavit—,
403 2924 455 2982 sed
483 2933 590 2995 tamen,
616 2925 640 2982 si
668 2924 739 3000 quid
767 2923 908 2993 acciderit,
931 2923 1002 2999 quid

51 3038 178 3079 censeas
193 3021 264 3079 mihi
283 3021 457 3092 faciendum,
472 3021 570 3099 utique
588 3022 721 3093 scribito;
743 3021 814 3078 nihil
833 3021 911 3078 enim
930 3020 1001 3077 mihi

50 3115 153 3173 adbuc
167 3116 280 3188 accidit,
296 3115 378 3192 quod
392 3115 509 3174 maioris
524 3115 636 3174 consilii
650 3123 734 3173 esset.
777 3115 915 3185 Trebatii,
930 3116 1001 3173 boni

49 3209 105 3266 viri
135 3218 164 3268 et
191 3210 269 3282 civis,
291 3211 386 3268 verbis
414 3220 442 3268 te
469 3209 585 3285 gaudeo
610 3209 793 3280 delectatum,
815 3220 922 3285 tuaque
946 3209 1001 3266 ista

48 3305 157 3367 crebra
173 3306 318 3378 ἐκφώνησις
332 3301 459 3378 ‘inipso'
474 3321 522 3360 me
542 3301 604 3361 sola
626 3303 721 3364 adhuc
742 3303 900 3362 delectavit.
942 3301 1000 3360 Lit-

49 3414 131 3462 teras
149 3413 213 3463 tuas
232 3403 417 3462 vehementer
436 3411 583 3488 suspecte,
599 3420 671 3478 quas
693 3401 811 3478 quidem
833 3401 920 3460 credo
941 3401 999 3458 iarn
