2454 3842
235 206 294 272 128
504 221 542 270 Μ.
568 221 689 271 rvrarr
710 224 898 273 oroanonrs
1051 213 1116 299 [rats
1130 231 1166 276 111.

231 379 453 440 concedendum
484 389 586 456 putant
614 379 740 440 Caesari.
790 382 876 442 Haec
905 393 936 442 tu
966 385 1037 443 mihi
1066 387 1168 462 explica

159 473 162 481 '
231 479 327 556 qualia
347 479 412 537 sint
459 491 485 552 5.
507 477 574 555 Ego
601 481 722 556 negotio
747 499 884 557 praesum
907 501 970 542 non
992 486 1167 559 turbulento;

231 578 289 637 volt
304 578 383 636 enim
400 595 448 636 me
462 577 620 654 Pompeius
638 597 712 651 esse,
732 598 822 656 quem
840 590 901 640 tota
921 579 995 640 haec
1014 581 1169 661 Campania

230 686 259 736 et
269 675 412 734 maritima
426 694 477 734 ora
491 675 596 735 habeat
610 679 759 750 ἐπίσκοπον,
770 679 808 737 ad
818 696 907 754 quern
919 679 1040 739 dilectus
1055 692 1085 740 et
1098 703 1170 744 surn-

229 793 278 836 ma
299 774 409 851 negotii
429 773 583 847 referatur,
604 777 702 852 itaque
716 795 806 852 vagus
825 794 890 835 esse
910 777 1087 853 cogitabam.
1128 785 1168 842 Te

229 885 300 953 puto
326 874 384 932 iarn
405 873 510 944 videre,
536 891 611 950 quae
640 875 676 932 sit
700 877 765 949 ὁρμὴ
795 873 937 947 Caesaris,
963 878 1014 954 qui
1038 881 1168 956 populus,

228 975 278 1050 qui
304 972 392 1031 totius
420 972 530 1047 negotii
555 981 665 1030 status:
694 991 730 1032 ea
749 973 835 1032 velim
863 975 972 1034 scribas
1002 975 1039 1035 ad
1068 997 1125 1050 me,
1145 992 1169 1038 et

227 1072 355 1150 quidem,
377 1071 516 1146 quoniam
536 1070 685 1129 mutabilia
705 1080 782 1142 sunt,
804 1090 893 1148 quam
915 1074 1104 1149 saepissime;
1126 1097 1169 1137 ac-

227 1172 347 1249 quiesco
363 1169 440 1227 enim
455 1177 484 1226 et
499 1168 627 1226 scribens
642 1168 679 1226 ad
694 1178 721 1226 te
736 1178 764 1227 et
775 1168 876 1246 legens
890 1180 947 1230 tua.

439 1355 486 1409 48.
528 1350 587 1409 ΑΙ)
607 1348 801 1408 ATTICUM
821 1349 892 1408 VII.
917 1370 961 1426 ¹3·

262 1469 328 1530 Sca.
351 1467 479 1526 Cnnrnus
499 1485 550 1524 vu.
571 1466 733 1524 Krannons
754 1465 941 1526 annunmns
961 1487 1045 1528 nuc.
1069 1482 1138 1545 705.

540 1581 643 1622 cronno
664 1581 770 1646 nrrrcp
791 1581 854 1622 sna.

269 1695 293 1732 1.
317 1671 366 1730 Du
386 1669 590 1728 Vennonianis
617 1668 703 1726 rebus
732 1669 783 1726 tibi
810 1670 961 1728 assentior.
1005 1671 1171 1732 Labienum

223 1778 293 1849 ἥρωα
313 1770 427 1839 iudico;
449 1767 561 1826 facinus
581 1767 641 1826 iam
670 1767 719 1825 diu
740 1765 850 1824 nullum
876 1767 957 1826 civile
984 1771 1171 1843 praeclarius,

224 1873 282 1951 qui,
296 1879 329 1928 ut
343 1868 421 1927 aliud
435 1866 513 1938 nibil,
525 1866 582 1924 hoc
596 1874 695 1923 tamen
709 1863 848 1941 profecit:
870 1865 950 1923 dedit
963 1866 1002 1924 illi
1018 1867 1155 1927 dolorem
1163 1892 1170 1942 ;

223 1970 275 2031 sed
301 1968 387 2026 etiam
410 1966 447 2024 ad
470 1982 614 2024 summam
639 1963 802 2039 profectum
827 1962 935 2039 aliquid
957 1974 1038 2040 puto.
1090 1967 1172 2028 Amo

222 2071 309 2129 etiam
324 2065 471 2135 Pisonem,
486 2063 567 2122 cuius
581 2062 720 2120 iudicium
740 2062 776 2120 de
796 2078 905 2137 genero
927 2063 1061 2138 suspicor
1074 2065 1172 2124 visum

222 2170 255 2227 iri
276 2183 371 2242 grave.
414 2161 602 2237 Quamquam
626 2179 721 2237 genus
745 2160 812 2218 belli
836 2160 916 2235 quod
940 2162 976 2218 sit
999 2162 1098 2222 vides:
1134 2165 1172 2223 ita

221 2266 302 2327 civile
329 2271 380 2332 est,
406 2269 438 2317 ut
466 2277 527 2317 non
550 2277 587 2316 ex
609 2259 713 2316 civium
737 2258 925 2330 dissensione,
949 2260 1000 2318 sed
1023 2278 1060 2318 ex
1083 2263 1172 2320 unius

220 2362 324 2442 perditi
340 2359 409 2419 civis
426 2357 547 2415 audacia
566 2368 666 2415 natum
687 2357 731 2417 sit.
773 2356 803 2415 Is
824 2367 920 2416 autern
933 2358 1008 2418 valet
1028 2361 1171 2430 exercitu,

220 2472 300 2523 tenet
313 2457 420 2516 multos
435 2473 487 2531 spe
502 2465 530 2514 et
544 2456 703 2532 promissis
719 2457 819 2515 omnia
839 2457 971 2514 omnium
992 2457 1172 2534 concupirit.

220 2559 300 2618 Huic
313 2555 416 2614 tradita
429 2555 498 2612 urbs
513 2563 564 2624 est,
579 2555 658 2612 nuda
672 2554 827 2629 praesidio,
842 2553 947 2612 referta
961 2555 1073 2630 copiis:
1096 2557 1173 2632 quid

218 2669 270 2728 est,
286 2655 366 2734 quod
380 2656 417 2712 ab
432 2671 468 2713 eo
490 2671 552 2712 non
570 2663 691 2726 metuas,
708 2655 757 2730 qui
771 2653 819 2711 illa
833 2653 942 2730 templa
963 2664 992 2712 et
1006 2664 1084 2713 tecta
1105 2674 1173 2714 non

218 2757 350 2833 patriam,
365 2753 417 2812 sed
436 2754 574 2830 praedam
593 2753 694 2829 putet?
716 2752 787 2829 quid
807 2761 905 2810 autem
924 2752 960 2810 sit
981 2762 1099 2811 acturus
1121 2765 1175 2812 aut

218 2872 278 2930 quo
303 2851 402 2923 modo,
424 2853 533 2922 nesci0,
555 2851 617 2909 sine
645 2861 754 2921 senatu,
777 2851 838 2908 sine
866 2850 1099 2926 magistratibus:
1133 2871 1173 2910 ne

218 2952 352 3012 simulare
393 2949 512 3025 quidem
550 2950 656 3024 poterit
697 2949 854 3026 quicquam
895 2954 1041 3009 πολιτικῶς.
1100 2951 1175 3012 Nos

217 3061 314 3109 autern
328 3048 378 3107 ubi
393 3065 547 3123 exsurgere
562 3048 721 3125 poterimus
736 3058 785 3104 aut
799 3048 939 3125 quando?
962 3067 1091 3124 quorum
1106 3050 1174 3108 dux

217 3166 305 3226 quarn
320 3147 519 3221 ἀστρατήγητος,
534 3157 566 3204 tu
580 3163 697 3222 quoque
712 3145 925 3217 animadvertis,
941 3147 987 3204 cui
1002 3164 1040 3204 ne
1054 3146 1175 3206 Picena

213 3246 335 3327 quidem
349 3255 420 3303 nota
433 3245 546 3316 fuerint,
561 3263 649 3320 quarn
664 3253 761 3302 autem
776 3245 839 3302 sine
858 3244 987 3316 consilio,
1003 3262 1050 3303 res
1063 3247 1173 3306 testis:

215 3354 247 3402 ut
261 3345 339 3401 enim
358 3344 413 3400 alia
427 3344 559 3401 omittam
574 3344 675 3401 decem
697 3360 842 3399 annorum
855 3351 985 3417 peccata,
999 3360 1075 3418 quae
1092 3363 1172 3403 con·

216 3442 292 3501 dicio
314 3459 376 3499 non
390 3441 457 3498 huic
470 3439 556 3514 fugae
572 3441 734 3516 praestitit?
779 3461 804 3498 a.
827 3440 891 3500 Nec
905 3459 973 3500 vero
993 3461 1073 3502 nunc
1093 3447 1174 3522 quid
