2454 3842
224 257 284 338 148
488 273 526 323 ra.
553 271 673 321 ronan
694 271 882 322 cronnouts
1039 259 1109 342 [ears
1126 275 1159 320 111.

221 422 493 499 suppeditat-dico
515 423 679 483 mehercule
700 432 732 482 ut
754 424 917 482 sentio—et
941 439 1032 494 amor,
1056 441 1120 500 quo
1143 433 1161 482 et

221 539 320 579 meum
341 521 491 598 ingenium
512 523 653 594 incitatur,
668 539 766 598 perge,
780 532 811 580 ut
828 520 908 592 facis,
926 530 954 580 et
969 523 1060 580 scribe
1077 541 1160 598 quan-

220 628 283 677 tum
303 628 396 695 potes.
440 619 475 678 In
500 621 623 697 Epirum
648 620 728 697 quod
753 639 801 678 me
822 637 882 678 non
902 619 1015 689 invitas,
1030 623 1162 679 comitem

222 735 284 776 non
304 718 469 789 molestum,
486 720 659 790 subirascor,
675 718 726 777 sed
748 719 826 776 vale:
849 735 919 774 nam
939 726 971 775 ut
992 717 1043 774 tibi
1065 720 1163 776 ambu-

222 816 350 886 landum,
360 817 540 892 ungendum,
552 818 593 877 sic
604 817 675 874 mihi
690 804 894 876 dormiendum
905 837 913 889 ;
935 816 1044 874 etenim
1057 817 1164 876 litterae

221 923 289 974 tuae
302 915 373 973 mihi
388 933 525 974 somnum
540 915 703 974 attulerunt.

450 1059 497 1115 aa.
539 1057 597 1115 nn
618 1055 814 1116 arricum
836 1055 889 1115 rx.
913 1075 939 1131 9.

293 1180 356 1240 Scn.
377 1199 408 1240 ru
428 1180 584 1241 Fouurnuo
605 1201 632 1240 n.
654 1200 682 1242 o.
704 1199 761 1239 xvi.
784 1181 945 1240 Kaauunas
967 1180 1095 1240 Anninus

609 1299 692 1341 nuc.
717 1292 784 1353 705.

540 1413 644 1456 CICERO
665 1404 771 1455 A'TTICO
791 1413 852 1454 SAL

268 1527 291 1564 1.
315 1506 397 1567 Titus
424 1509 561 1586 epistolas
589 1521 653 1568 tuas
678 1510 778 1586 accepi
804 1510 944 1588 postridie
967 1509 1054 1580 Idus;
1089 1521 1174 1569 erant

223 1617 320 1666 autem
342 1627 403 1678 1111,
425 1628 475 1680 n1.,
498 1610 590 1686 pridie
613 1609 684 1668 Idus
708 1609 791 1668 datae
803 1631 810 1683 ;
842 1611 929 1686 igitur
952 1609 1175 1685 antiquissimae

224 1706 328 1782 cuique
343 1707 469 1781 primum
483 1708 677 1784 respondebo.
721 1707 879 1767 Adsentior
894 1707 953 1778 tibi,
966 1717 999 1765 ut
1012 1708 1043 1764 in
1056 1707 1177 1767 Formi-

225 1823 283 1863 ano
298 1805 481 1881 potissimum
496 1823 666 1876 commorer,
681 1807 767 1865 etiam
782 1806 819 1864 de
834 1823 938 1883 supero
959 1807 1041 1876 mari,
1055 1813 1177 1888 tempta-

222 1905 330 1980 boque‚
353 1913 385 1961 ut
407 1915 492 1963 antea
514 1904 552 1963 ad
573 1915 601 1963 te
623 1905 733 1982 scripsi,
755 1922 920 1981 ecquonam
945 1904 1035 1963 modo
1057 1907 1179 1980 possim

223 2004 370 2062 voluntate
399 2004 461 2061 eius
495 2002 604 2062 nullam
639 2004 679 2061 rei
714 2004 846 2080 publicae
879 2011 992 2079 partem
1019 2003 1180 2080 attingere.

225 2099 314 2173 Quod
342 2101 452 2172 laudas,
484 2102 552 2177 quia
580 2101 709 2159 oblivisci
737 2119 785 2158 me
814 2100 914 2177 scripsi
943 2110 1010 2158 ante
1037 2098 1117 2160 facta
1149 2113 1182 2162 et

225 2200 328 2259 delicta
356 2201 446 2258 nostri
467 2201 561 2270 amici,
589 2217 646 2276 ego
668 2217 737 2258 vero
765 2198 804 2256 ita
829 2197 920 2258 facio:
950 2199 1019 2275 quin
1041 2217 1077 2256 ea
1101 2199 1181 2274 ipsa,

225 2317 300 2374 quae
315 2318 332 2357 a
345 2306 374 2358 te
390 2310 664 2370 commemorantur,
680 2315 763 2356 secus
775 2298 812 2355 ab
827 2315 863 2356 eo
877 2297 908 2354 in
921 2315 970 2355 me
983 2297 1081 2372 ipsum
1098 2297 1182 2357 facta

225 2414 289 2455 esse
310 2415 372 2456 non
393 2398 529 2466 memini;
559 2405 639 2455 tanto
661 2397 725 2472 plus
747 2395 826 2471 apud
854 2411 902 2454 me
922 2395 1016 2454 valere
1037 2395 1182 2456 beneficii

224 2497 347 2571 gratiam
361 2515 449 2572 quam
464 2495 582 2554 iniuriae
597 2495 729 2554 dolorem
744 2493 819 2553 volo.
861 2494 1015 2552 Faciamus
1029 2493 1131 2570 igitur,
1149 2508 1182 2554 ut

225 2611 337 2665 censes,
353 2595 581 2672 colligamusque
598 2611 673 2652 nos:
695 2591 845 2666 σοφιστεῦω
865 2593 952 2663 enim,
967 2592 1052 2651 simul
1073 2605 1110 2652 ut
1129 2613 1182 2653 rus

226 2692 355 2763 decurr0,
380 2703 466 2770 atque
494 2693 524 2751 in
545 2692 668 2750 decursu
689 2693 774 2750 θέσεις
795 2709 876 2750 meas
897 2692 1092 2749 commentari
1116 2711 1181 2752 non

225 2789 347 2863 desino;
370 2793 422 2851 sed
437 2802 503 2851 sunt
518 2791 662 2868 quaedam
678 2809 778 2850 earum
791 2789 973 2866 perdifficiles
988 2789 1025 2848 ad
1040 2790 1182 2850 iudican-

225 2890 305 2948 dum.
348 2887 394 2948 De
409 2891 596 2967 optimatibus
616 2890 652 2948 sit
672 2907 741 2948 sane
756 2889 804 2959 ita,
819 2897 851 2946 ut
871 2889 922 2958 vis,
938 2889 991 2947 sed
1005 2890 1085 2947 nosti
1108 2890 1183 2949 illud

225 2993 360 3046 Διονύσιος
387 2991 414 3045 ἐν
441 2989 566 3066 Κορίνθῳ.
608 2987 709 3047 Titinii
738 2987 811 3046 filius
841 2987 919 3064 apud
941 2986 1103 3048 Caesarem
1126 3003 1182 3049 est.

225 3085 316 3158 Quod
341 3097 437 3146 autem
460 3089 543 3164 quasi
567 3086 658 3146 vereri
684 3086 789 3145 videris
819 3105 856 3144 ne
879 3085 949 3144 mihi
978 3095 1027 3144 tua
1051 3089 1182 3147 consilia

226 3186 405 3262 displiceant,
420 3205 469 3245 me
486 3203 555 3244 vero
575 3185 646 3244 nihil
665 3184 787 3244 delectat
806 3183 883 3243 aliud
900 3184 956 3242 nisi
970 3185 1133 3244 consilium
1156 3197 1182 3246 et

222 3284 333 3345 litterae
348 3296 432 3355 tuae;
456 3300 513 3361 qua
533 3303 563 3343 re
578 3284 633 3355 fac,
648 3293 679 3342 ut
693 3284 841 3343 ostendis:
864 3301 902 3342 ne
916 3283 1057 3342 destiteris
1073 3286 1182 3344 adme

225 3383 363 3459 quicquid
390 3383 440 3439 tibi
468 3383 498 3438 in
525 3393 655 3441 mentem
682 3383 793 3440 venerit
821 3381 964 3440 scribere:
1000 3381 1072 3440 mihi
1107 3385 1181 3442 nihil

224 3491 398 3556 potestesse
412 3480 528 3553 gratius.
573 3499 599 3537 2.
619 3478 716 3539 Venio
731 3479 767 3538 ad
782 3479 901 3539 alteram
915 3497 994 3540 nunc
1005 3481 1180 3556 epistolam.
