2436 3836
37 208 94 268 Ep.
115 191 185 275 135]
244 202 359 254 urrsr.
381 199 431 252 An
451 171 675 252 thurstanus
696 205 730 253 x.
754 208 806 274 30.
936 189 997 276 263

40 356 149 414 aciem
173 372 240 414 suas
264 354 364 430 copias
386 354 422 412 de
447 355 510 414 vico
531 354 669 431 produxit
690 365 719 413 et
740 355 802 413 sine
823 373 907 414 mora
929 373 1000 414 con-

39 454 150 512 currit
191 451 289 511 Primo
310 452 350 510 ita
367 461 529 528 pugnatum
542 461 594 522 est,
610 463 642 510 ut
657 453 750 512 acrius
769 471 831 511 non
848 463 949 529 posset
962 471 999 510 ex

42 562 178 627 utraque
198 559 279 626 parte
298 549 421 626 pugnari
431 569 439 622 ;
461 551 514 608 etsi
533 549 678 610 dexterius
697 568 798 622 cornu,
811 551 844 608 in
863 569 922 627 quo
943 569 1000 628 ego
1032 617 1038 628 Ι

43 667 136 708 eram
152 665 219 707 cum
233 647 355 705 Martiae
369 646 491 722 legionis
506 647 675 708 cohortibus
689 657 766 718 octo,
781 647 891 724 impetu
905 649 1000 724 primo

44 747 205 823 fugaverat
225 745 372 822 legionem
393 763 476 804 xxxv.
499 745 629 815 Antonii,
654 754 687 803 ut
709 746 833 822 amplius
858 763 962 823 passus
985 744 999 777 *

45 846 132 904 ultra
152 845 244 904 aciem
260 840 333 922 [quo
353 845 420 902 loco
442 840 572 922 steterat]
588 844 768 919 processerit.
811 844 913 920 Itaque
935 863 1003 903 cum

46 943 170 1019 equites
198 953 328 1002 nostrum
356 961 448 1001 cornu
474 941 624 1000 circumire
652 941 764 1012 vellent,
792 942 920 1018 recipere
953 960 1001 1000 me

46 1037 145 1113 coepi
158 1046 187 1095 et
204 1037 296 1095 levem
312 1046 485 1095 armaturam
499 1052 650 1111 opponere
664 1035 835 1094 Maurorum
850 1035 1004 1112 equitibus

48 1154 95 1193 ne
110 1151 228 1193 aversos
242 1143 358 1192 nostros
371 1133 604 1208 adgrederentur.
646 1132 767 1190 Interim
778 1133 862 1192 video
876 1151 924 1191 me
939 1151 1003 1192 esse

49 1237 135 1291 inter
156 1231 340 1290 Antonianos
361 1228 579 1306 Antoniumque
600 1240 668 1306 post
693 1249 742 1289 me
762 1248 827 1289 esse
847 1230 1003 1308 aliquanto.

52 1333 197 1406 Repente
216 1347 324 1405 equum
345 1328 451 1386 immisi
472 1328 590 1388 adeam
610 1329 756 1404 legionem
777 1330 914 1401 tironum,
929 1347 1004 1406 quae

51 1428 196 1487 veniebat
210 1444 246 1484 ex
261 1426 370 1497 castris,
386 1434 468 1484 scuto
481 1426 597 1499 reiecto.
639 1426 799 1486 Antoniani
813 1445 860 1484 me
874 1427 1004 1504 insequi3
1062 1411 1071 1424 ’

53 1526 154 1586 nostri
170 1524 229 1601 pila
242 1523 385 1582 conticere
403 1522 492 1581 velle:
514 1524 554 1581 ita
574 1524 675 1582 nescio
696 1543 756 1601 quo
777 1525 837 1584 fato
858 1543 924 1584 sum
946 1543 1006 1585 ser-

54 1635 155 1695 vatus
183 1621 263 1699 quod
290 1639 356 1680 sum
383 1622 441 1680 cito
465 1640 483 1679 a
510 1623 616 1681 nostris
644 1624 787 1699 cognitus.
830 1604 916 1695 4.'In
943 1623 1007 1700 ipsa

55 1721 197 1791 Aemilia,
217 1719 267 1778 ubi
288 1711 400 1777 cohors
415 1717 548 1776 Caesaris
569 1721 714 1795 praetoria
734 1731 804 1791 erat,
825 1721 874 1779 diu
894 1740 1006 1798 pugna-

55 1834 126 1880 tum
154 1827 206 1878 est.
248 1818 349 1878 Comu
383 1817 548 1889 sinisterius,
576 1817 658 1894 quod
685 1828 746 1878 erat
780 1819 929 1891 infirmius,
957 1820 1007 1877 ubi

56 1918 188 1980 Martiae
201 1917 324 1992 legionis
339 1915 413 1975 duae
434 1914 569 1974 cohortes
588 1925 670 1974 erant
688 1926 717 1975 et
736 1915 841 1975 cohors
856 1919 1006 1992 praetoria,

57 2015 172 2095 pedem
187 2014 290 2072 referre
305 2024 472 2092 coeperunt,
486 2015 566 2092 quod
583 2015 621 2072 ab
635 2015 764 2091 equitatu
777 2015 1007 2086 circumibantur‚

56 2134 124 2193 quo
138 2114 183 2172 vel
201 2112 357 2189 plurimum
374 2113 449 2171 valet
463 2113 617 2172 Antonius.
659 2112 736 2171 Cum
757 2130 861 2171 omnes
880 2130 911 2171 se
928 2132 1007 2172 rece-

57 2217 176 2292 pissent
196 2211 287 2270 nostri
307 2211 433 2283 ordines,
448 2212 576 2287 recipere
597 2229 645 2269 me
665 2211 841 2270 novissimus
863 2212 949 2287 coepi
970 2211 1008 2270 ad

58 2321 175 2382 castra3
210 2308 355 2366 Antonius
375 2317 524 2385 tamquam
538 2309 627 2368 victor
641 2319 735 2367 castra
749 2309 859 2385 putavit
873 2325 904 2367 se
919 2327 1008 2385 posse

59 2426 186 2487 capere:
216 2423 276 2484 quo
300 2424 368 2464 cum
386 2407 472 2477 venit,
497 2407 661 2483 complures
686 2407 726 2464 ibi
750 2407 845 2466 amisit
869 2425 924 2466 nec
948 2408 1009 2482 egit

59 2510 230 2587 quicquam.
271 2504 379 2563 Audita
397 2524 428 2564 re
448 2505 560 2564 Hirtius
575 2524 643 2564 curn
664 2506 833 2565 cohortibus
853 2526 901 2564 xx.
916 2513 1008 2564 v'eter-

60 2607 129 2668 anis
138 2603 269 2663 redeunti
279 2602 409 2662 Antonio
423 2605 453 2661 in
468 2622 521 2663 sua
535 2613 629 2662 castra
638 2603 763 2663 occurrit
777 2605 938 2682 copiasque
947 2605 1009 2664 eius

60 2721 169 2765 omnes
184 2701 286 2760 delevit
299 2701 465 2777 fugavitque
480 2701 586 2760 eodem
600 2700 676 2771 1000,
692 2702 742 2761 ubi
763 2711 823 2761 erat
838 2711 1009 2777 pugnatum,

61 2803 104 2863 ad
118 2800 225 2859 Forum
239 2798 409 2871 Gallorum;
431 2799 578 2857 Antonius
592 2817 660 2856 cum
674 2800 817 2876 equitibus
830 2797 903 2857 hora
916 2798 1010 2858 noctis

61 2907 168 2978 quarta
188 2915 219 2956 se
239 2897 269 2954 in
286 2907 379 2957 castra
398 2916 450 2955 sua
469 2896 507 2956 ad
521 2896 666 2954 Mutinam
685 2897 813 2974 recepit;
848 2911 876 2970 5.
897 2897 1011 2956 Hirtius

61 3002 97 3059 in
112 3015 146 3056 ea
161 3005 253 3054 castra
267 2996 358 3066 rediit,
373 2995 452 3055 unde
469 2996 564 3054 Pansa
584 2996 699 3066 exierat,
715 2997 765 3054 ubi
787 2996 859 3054 duas
880 2995 1010 3073 legiones

63 3096 228 3171 reliquerat,
239 3112 313 3170 quae
324 3095 362 3152 ab
372 3095 503 3152 Antonio
514 3103 596 3152 erant
606 3103 802 3170 oppugnatae.
841 3093 887 3152 Sic
898 3102 1010 3170 partem

63 3194 208 3254 maiorem
225 3210 342 3251 suarum
356 3192 505 3267 copiarum
519 3190 665 3248 Antonius
683 3192 779 3250 amisit
792 3201 1009 3261 veteranarum

64 3312 122 3356 nec
150 3290 180 3349 id
208 3301 306 3350 tamen
337 3291 398 3349 sine
423 3291 519 3367 aliqua
545 3290 654 3349 iactura
681 3290 844 3350 cohortium
872 3290 1009 3367 praetori-

64 3408 149 3456 arum
164 3399 326 3450 nostrarum
345 3398 373 3449 et
392 3389 515 3468 legionis
532 3387 654 3447 Martiae
669 3389 729 3448 fieri
744 3390 846 3466 potuit.
887 3387 1009 3465 Aquilae
