<?xml version="1.0" encoding="UTF-8"?>
<!DOCTYPE html PUBLIC "-//W3C//DTD XHTML 1.0 Transitional//EN"
    "http://www.w3.org/TR/xhtml1/DTD/xhtml1-transitional.dtd">
<html xmlns="http://www.w3.org/1999/xhtml" xml:lang="en" lang="en">
 <head>
  <title>
</title>
<meta http-equiv="Content-Type" content="text/html;charset=utf-8" />
  <meta name='ocr-system' content='tesseract 3.04.00' />
  <meta name='ocr-capabilities' content='ocr_page ocr_carea ocr_par ocr_line ocrx_word'/>
</head>
<body>
  <div class='ocr_page' id='page_1' title='image "./epistolaeselect00watsgoog/epistolaeselect00watsgoog_0240.png"; bbox 0 0 2452 3842; ppageno 0'>
   <div class='ocr_carea' id='block_1_1' title="bbox 70 212 1022 296">
    <p class='ocr_par' dir='ltr' id='par_1_1' title="bbox 70 212 1022 296">
     <span class='ocr_line' id='line_1_1' title="bbox 70 212 1022 296; baseline 0.005 -26"><span class='ocrx_word' id='word_1_1' title='bbox 70 212 206 295; x_wconf 79' lang='lat' dir='ltr'>np.104.]</span> <span class='ocrx_word' id='word_1_2' title='bbox 284 227 398 279; x_wconf 78' lang='lat' dir='ltr'>arrsr.</span> <span class='ocrx_word' id='word_1_3' title='bbox 420 227 655 276; x_wconf 68' lang='lat' dir='ltr'>anarrinon</span> <span class='ocrx_word' id='word_1_4' title='bbox 675 228 753 276; x_wconf 78' lang='lat' dir='ltr'>xrrr.</span> <span class='ocrx_word' id='word_1_5' title='bbox 776 228 828 296; x_wconf 84' lang='lat'>52.</span> <span class='ocrx_word' id='word_1_6' title='bbox 960 229 1022 296; x_wconf 89' lang='lat'>219</span> 
     </span>
    </p>
   </div>
   <div class='ocr_carea' id='block_1_2' title="bbox 69 374 1023 653">
    <p class='ocr_par' dir='ltr' id='par_1_2' title="bbox 69 374 1023 653">
     <span class='ocr_line' id='line_1_2' title="bbox 69 374 1023 450; baseline 0 -18"><span class='ocrx_word' id='word_1_7' title='bbox 69 374 240 450; x_wconf 88' lang='lat' dir='ltr'>Mamurra;</span> <span class='ocrx_word' id='word_1_8' title='bbox 261 395 323 437; x_wconf 89' lang='lat' dir='ltr'>non</span> <span class='ocrx_word' id='word_1_9' title='bbox 337 379 466 438; x_wconf 86' lang='lat' dir='ltr'>mutavit.</span> <span class='ocrx_word' id='word_1_10' title='bbox 507 378 622 438; x_wconf 89' lang='lat' dir='ltr'><strong>Unctus</strong></span> <span class='ocrx_word' id='word_1_11' title='bbox 636 387 689 450; x_wconf 92' lang='lat' dir='ltr'>est,</span> <span class='ocrx_word' id='word_1_12' title='bbox 704 378 847 437; x_wconf 89' lang='lat' dir='ltr'>accubuit</span> <span class='ocrx_word' id='word_1_13' title='bbox 890 377 1023 448; x_wconf 74' lang='grc' dir='ltr'>Ἐμετικὴν</span> 
     </span>
     <span class='ocr_line' id='line_1_3' title="bbox 70 476 1022 554; baseline 0.003 -23"><span class='ocrx_word' id='word_1_14' title='bbox 70 476 196 550; x_wconf 85' lang='lat' dir='ltr'>agebat;</span> <span class='ocrx_word' id='word_1_15' title='bbox 217 477 317 554; x_wconf 88' lang='lat' dir='ltr'>itaque</span> <span class='ocrx_word' id='word_1_16' title='bbox 334 488 364 536; x_wconf 87' lang='lat' dir='ltr'>et</span> <span class='ocrx_word' id='word_1_17' title='bbox 383 479 444 536; x_wconf 92' lang='lat' dir='ltr'>edit</span> <span class='ocrx_word' id='word_1_18' title='bbox 463 487 492 536; x_wconf 91' lang='lat' dir='ltr'>et</span> <span class='ocrx_word' id='word_1_19' title='bbox 512 479 585 536; x_wconf 85' lang='lat' dir='ltr'><strong>bibit</strong></span> <span class='ocrx_word' id='word_1_20' title='bbox 605 481 685 536; x_wconf 75' lang='grc' dir='ltr'>ἀδεῶς</span> <span class='ocrx_word' id='word_1_21' title='bbox 703 488 733 536; x_wconf 93' lang='lat' dir='ltr'>et</span> <span class='ocrx_word' id='word_1_22' title='bbox 753 477 887 548; x_wconf 89' lang='lat' dir='ltr'>iucunde,</span> <span class='ocrx_word' id='word_1_23' title='bbox 902 478 1022 553; x_wconf 89' lang='lat' dir='ltr'>opipare</span> 
     </span>
     <span class='ocr_line' id='line_1_4' title="bbox 71 577 652 653; baseline 0.005 -21"><span class='ocrx_word' id='word_1_24' title='bbox 71 591 146 632; x_wconf 87' lang='lat' dir='ltr'>sane</span> <span class='ocrx_word' id='word_1_25' title='bbox 160 586 188 634; x_wconf 92' lang='lat' dir='ltr'>et</span> <span class='ocrx_word' id='word_1_26' title='bbox 202 585 350 653; x_wconf 87' lang='lat' dir='ltr'>apparate,</span> <span class='ocrx_word' id='word_1_27' title='bbox 365 595 420 636; x_wconf 88' lang='lat' dir='ltr'>nec</span> <span class='ocrx_word' id='word_1_28' title='bbox 434 578 465 636; x_wconf 90' lang='lat' dir='ltr'>id</span> <span class='ocrx_word' id='word_1_29' title='bbox 479 578 584 649; x_wconf 90' lang='lat' dir='ltr'>solum,</span> <span class='ocrx_word' id='word_1_30' title='bbox 600 577 652 635; x_wconf 92' lang='lat' dir='ltr'>sed</span> 
     </span>
    </p>
   </div>
   <div class='ocr_carea' id='block_1_3' title="bbox 71 701 1026 2053">
    <p class='ocr_par' dir='ltr' id='par_1_3' title="bbox 678 701 827 755">
     <span class='ocr_line' id='line_1_5' title="bbox 678 701 827 755; baseline -0.013 -7"><span class='ocrx_word' id='word_1_31' title='bbox 678 701 736 748; x_wconf 89' lang='lat' dir='ltr'>bene</span> <span class='ocrx_word' id='word_1_32' title='bbox 752 708 827 755; x_wconf 85' lang='lat' dir='ltr'>cocto,</span> 
     </span>
    </p>

    <p class='ocr_par' dir='ltr' id='par_1_4' title="bbox 71 781 1026 2053">
     <span class='ocr_line' id='line_1_6' title="bbox 238 781 858 843; baseline 0 -15"><span class='ocrx_word' id='word_1_33' title='bbox 238 781 340 838; x_wconf 88' lang='lat' dir='ltr'>condito,</span> <span class='ocrx_word' id='word_1_34' title='bbox 357 796 463 830; x_wconf 75' lang='lat' dir='ltr'>sermone</span> <span class='ocrx_word' id='word_1_35' title='bbox 479 783 542 830; x_wconf 87' lang='lat' dir='ltr'>bono</span> <span class='ocrx_word' id='word_1_36' title='bbox 559 790 590 837; x_wconf 88' lang='lat' dir='ltr'>et,</span> <span class='ocrx_word' id='word_1_37' title='bbox 608 782 626 828; x_wconf 82' lang='lat' dir='ltr'>si</span> <span class='ocrx_word' id='word_1_38' title='bbox 644 781 737 843; x_wconf 72' lang='lat' dir='ltr'>quaeri,</span> <span class='ocrx_word' id='word_1_39' title='bbox 754 782 858 829; x_wconf 80' lang='lat' dir='ltr'>libenter.</span> 
     </span>
     <span class='ocr_line' id='line_1_7' title="bbox 75 885 1023 965; baseline 0.006 -22"><span class='ocrx_word' id='word_1_40' title='bbox 75 907 102 946; x_wconf 87' lang='lat'>2.</span> <span class='ocrx_word' id='word_1_41' title='bbox 130 885 282 947; x_wconf 88' lang='lat' dir='ltr'>Praeterea</span> <span class='ocrx_word' id='word_1_42' title='bbox 305 890 397 948; x_wconf 93' lang='lat' dir='ltr'>tribus</span> <span class='ocrx_word' id='word_1_43' title='bbox 421 889 549 948; x_wconf 87' lang='lat' dir='ltr'>tricliniis</span> <span class='ocrx_word' id='word_1_44' title='bbox 573 890 686 965; x_wconf 90' lang='lat' dir='ltr'>accepti</span> <span class='ocrx_word' id='word_1_45' title='bbox 710 893 735 946; x_wconf 86' lang='lat' dir='ltr'>ot</span> <span class='ocrx_word' id='word_1_46' title='bbox 758 893 816 964; x_wconf 68' lang='grc' dir='ltr'>περὶ</span> <span class='ocrx_word' id='word_1_47' title='bbox 840 891 917 946; x_wconf 79' lang='grc' dir='ltr'>αὐτὸν</span> <span class='ocrx_word' id='word_1_48' title='bbox 939 888 1023 948; x_wconf 88' lang='lat' dir='ltr'>valde</span> 
     </span>
     <span class='ocr_line' id='line_1_8' title="bbox 72 985 1023 1064; baseline 0.001 -19"><span class='ocrx_word' id='word_1_49' title='bbox 72 985 213 1061; x_wconf 83' lang='lat' dir='ltr'>copiose3</span> <span class='ocrx_word' id='word_1_50' title='bbox 234 987 341 1046; x_wconf 89' lang='lat' dir='ltr'>libertis</span> <span class='ocrx_word' id='word_1_51' title='bbox 356 988 452 1047; x_wconf 91' lang='lat' dir='ltr'>minus</span> <span class='ocrx_word' id='word_1_52' title='bbox 466 987 551 1048; x_wconf 93' lang='lat' dir='ltr'>lautis</span> <span class='ocrx_word' id='word_1_53' title='bbox 571 988 718 1064; x_wconf 87' lang='lat' dir='ltr'>servisque</span> <span class='ocrx_word' id='word_1_54' title='bbox 737 988 808 1045; x_wconf 87' lang='lat' dir='ltr'>nihil</span> <span class='ocrx_word' id='word_1_55' title='bbox 825 986 932 1046; x_wconf 87' lang='lat' dir='ltr'>defuit:</span> <span class='ocrx_word' id='word_1_56' title='bbox 953 1005 1023 1046; x_wconf 84' lang='lat' dir='ltr'>nam</span> 
     </span>
     <span class='ocr_line' id='line_1_9' title="bbox 71 1083 1024 1163; baseline 0.003 -23"><span class='ocrx_word' id='word_1_57' title='bbox 71 1083 212 1144; x_wconf 88' lang='lat' dir='ltr'>lautiores</span> <span class='ocrx_word' id='word_1_58' title='bbox 235 1086 381 1162; x_wconf 84' lang='lat' dir='ltr'>eleganter</span> <span class='ocrx_word' id='word_1_59' title='bbox 406 1087 526 1163; x_wconf 88' lang='lat' dir='ltr'>accepti.</span> <span class='ocrx_word' id='word_1_60' title='bbox 569 1085 650 1157; x_wconf 89' lang='lat' dir='ltr'>Quid</span> <span class='ocrx_word' id='word_1_61' title='bbox 675 1087 784 1146; x_wconf 82' lang='lat' dir='ltr'>multa?</span> <span class='ocrx_word' id='word_1_62' title='bbox 813 1085 947 1144; x_wconf 89' lang='lat' dir='ltr'>homines</span> <span class='ocrx_word' id='word_1_63' title='bbox 971 1088 1024 1144; x_wconf 90' lang='lat' dir='ltr'>visi</span> 
     </span>
     <span class='ocr_line' id='line_1_10' title="bbox 73 1183 1023 1261; baseline 0.004 -21"><span class='ocrx_word' id='word_1_64' title='bbox 73 1200 186 1242; x_wconf 87' lang='lat' dir='ltr'>sumus.</span> <span class='ocrx_word' id='word_1_65' title='bbox 228 1183 349 1261; x_wconf 90' lang='lat' dir='ltr'>Hospes</span> <span class='ocrx_word' id='word_1_66' title='bbox 370 1195 467 1245; x_wconf 88' lang='lat' dir='ltr'>tamen</span> <span class='ocrx_word' id='word_1_67' title='bbox 489 1202 551 1242; x_wconf 92' lang='lat' dir='ltr'>non</span> <span class='ocrx_word' id='word_1_68' title='bbox 574 1185 608 1255; x_wconf 89' lang='lat' dir='ltr'>is,</span> <span class='ocrx_word' id='word_1_69' title='bbox 629 1185 676 1244; x_wconf 88' lang='lat' dir='ltr'>cui</span> <span class='ocrx_word' id='word_1_70' title='bbox 698 1185 824 1244; x_wconf 89' lang='lat' dir='ltr'>diceres:</span> <span class='ocrx_word' id='word_1_71' title='bbox 841 1185 964 1243; x_wconf 88' lang='lat' dir='ltr'>‘amabo</span> <span class='ocrx_word' id='word_1_72' title='bbox 984 1195 1023 1255; x_wconf 90' lang='lat' dir='ltr'>te,</span> 
     </span>
     <span class='ocr_line' id='line_1_11' title="bbox 73 1279 1025 1354; baseline 0.001 -17"><span class='ocrx_word' id='word_1_73' title='bbox 73 1279 183 1338; x_wconf 90' lang='lat' dir='ltr'>eodem</span> <span class='ocrx_word' id='word_1_74' title='bbox 198 1282 236 1340; x_wconf 91' lang='lat' dir='ltr'>ad</span> <span class='ocrx_word' id='word_1_75' title='bbox 248 1301 305 1354; x_wconf 86' lang='lat' dir='ltr'>me,</span> <span class='ocrx_word' id='word_1_76' title='bbox 317 1301 384 1342; x_wconf 90' lang='lat' dir='ltr'>cum</span> <span class='ocrx_word' id='word_1_77' title='bbox 399 1281 557 1342; x_wconf 65' lang='lat' dir='ltr'>revertere?</span> <span class='ocrx_word' id='word_1_78' title='bbox 594 1283 692 1341; x_wconf 87' lang='lat' dir='ltr'>Semel</span> <span class='ocrx_word' id='word_1_79' title='bbox 707 1283 776 1342; x_wconf 90' lang='lat' dir='ltr'>satis</span> <span class='ocrx_word' id='word_1_80' title='bbox 789 1292 842 1342; x_wconf 75' lang='lat' dir='ltr'>est,</span> <span class='ocrx_word' id='word_1_81' title='bbox 884 1285 1025 1339; x_wconf 79' lang='grc' dir='ltr'>Σπουδαῖον</span> 
     </span>
     <span class='ocr_line' id='line_1_12' title="bbox 73 1380 1024 1458; baseline 0.007 -24"><span class='ocrx_word' id='word_1_82' title='bbox 73 1382 151 1435; x_wconf 72' lang='grc' dir='ltr'>οὐδέν</span> <span class='ocrx_word' id='word_1_83' title='bbox 170 1380 200 1438; x_wconf 91' lang='lat' dir='ltr'>in</span> <span class='ocrx_word' id='word_1_84' title='bbox 221 1399 364 1453; x_wconf 89' lang='lat' dir='ltr'>sermone,</span> <span class='ocrx_word' id='word_1_85' title='bbox 380 1385 513 1456; x_wconf 63' lang='grc' dir='ltr'>φιλολογα</span> <span class='ocrx_word' id='word_1_86' title='bbox 533 1381 632 1439; x_wconf 88' lang='lat' dir='ltr'>multa.</span> <span class='ocrx_word' id='word_1_87' title='bbox 675 1380 756 1453; x_wconf 89' lang='lat' dir='ltr'>Quid</span> <span class='ocrx_word' id='word_1_88' title='bbox 775 1382 909 1458; x_wconf 84' lang='lat' dir='ltr'>quaeris?</span> <span class='ocrx_word' id='word_1_89' title='bbox 930 1381 1024 1441; x_wconf 90' lang='lat' dir='ltr'>delec-</span> 
     </span>
     <span class='ocr_line' id='line_1_13' title="bbox 74 1479 1024 1541; baseline 0.005 -6"><span class='ocrx_word' id='word_1_90' title='bbox 74 1489 154 1536; x_wconf 88' lang='lat' dir='ltr'>tatus</span> <span class='ocrx_word' id='word_1_91' title='bbox 173 1490 217 1538; x_wconf 91' lang='lat' dir='ltr'>est</span> <span class='ocrx_word' id='word_1_92' title='bbox 235 1491 264 1539; x_wconf 91' lang='lat' dir='ltr'>et</span> <span class='ocrx_word' id='word_1_93' title='bbox 282 1481 404 1540; x_wconf 90' lang='lat' dir='ltr'>libenter</span> <span class='ocrx_word' id='word_1_94' title='bbox 422 1480 483 1539; x_wconf 84' lang='lat' dir='ltr'>fuit.</span> <span class='ocrx_word' id='word_1_95' title='bbox 524 1479 652 1539; x_wconf 88' lang='lat' dir='ltr'>Puteolis</span> <span class='ocrx_word' id='word_1_96' title='bbox 672 1497 703 1538; x_wconf 91' lang='lat' dir='ltr'>se</span> <span class='ocrx_word' id='word_1_97' title='bbox 725 1480 820 1540; x_wconf 88' lang='lat' dir='ltr'>aiebat</span> <span class='ocrx_word' id='word_1_98' title='bbox 837 1499 929 1541; x_wconf 88' lang='lat' dir='ltr'>unum</span> <span class='ocrx_word' id='word_1_99' title='bbox 947 1481 1024 1540; x_wconf 91' lang='lat' dir='ltr'>diem</span> 
     </span>
     <span class='ocr_line' id='line_1_14' title="bbox 74 1578 1026 1655; baseline 0.002 -19"><span class='ocrx_word' id='word_1_100' title='bbox 74 1578 149 1649; x_wconf 83' lang='lat' dir='ltr'>sore,</span> <span class='ocrx_word' id='word_1_101' title='bbox 159 1579 281 1638; x_wconf 87' lang='lat' dir='ltr'>alterum</span> <span class='ocrx_word' id='word_1_102' title='bbox 295 1580 333 1638; x_wconf 90' lang='lat' dir='ltr'>ad</span> <span class='ocrx_word' id='word_1_103' title='bbox 348 1579 442 1638; x_wconf 83' lang='lat' dir='ltr'>Baias</span> <span class='ocrx_word' id='word_1_104' title='bbox 478 1579 583 1637; x_wconf 91' lang='lat' dir='ltr'>Habes</span> <span class='ocrx_word' id='word_1_105' title='bbox 597 1578 757 1655; x_wconf 87' lang='lat' dir='ltr'>hospitium</span> <span class='ocrx_word' id='word_1_106' title='bbox 772 1581 830 1638; x_wconf 91' lang='lat' dir='ltr'>sive</span> <span class='ocrx_word' id='word_1_107' title='bbox 844 1581 1026 1653; x_wconf 63' lang='grc' dir='ltr'>ἐπισταθμιῶν</span> 
     </span>
     <span class='ocr_line' id='line_1_15' title="bbox 76 1676 1024 1754; baseline 0.002 -19"><span class='ocrx_word' id='word_1_108' title='bbox 76 1677 213 1736; x_wconf 87' lang='lat' dir='ltr'>odiosam</span> <span class='ocrx_word' id='word_1_109' title='bbox 237 1680 317 1751; x_wconf 88' lang='lat' dir='ltr'>mihi,</span> <span class='ocrx_word' id='word_1_110' title='bbox 340 1680 408 1750; x_wconf 87' lang='lat' dir='ltr'>dixi,</span> <span class='ocrx_word' id='word_1_111' title='bbox 428 1696 490 1738; x_wconf 90' lang='lat' dir='ltr'>non</span> <span class='ocrx_word' id='word_1_112' title='bbox 511 1677 673 1736; x_wconf 88' lang='lat' dir='ltr'>molestam.</span> <span class='ocrx_word' id='word_1_113' title='bbox 715 1676 781 1753; x_wconf 85' lang='lat' dir='ltr'>Ego</span> <span class='ocrx_word' id='word_1_114' title='bbox 802 1678 948 1754; x_wconf 84' lang='lat' dir='ltr'>paulisper</span> <span class='ocrx_word' id='word_1_115' title='bbox 968 1679 1024 1752; x_wconf 89' lang='lat' dir='ltr'>hic,</span> 
     </span>
     <span class='ocr_line' id='line_1_16' title="bbox 76 1776 1026 1851; baseline 0 -15"><span class='ocrx_word' id='word_1_116' title='bbox 76 1776 184 1836; x_wconf 91' lang='lat' dir='ltr'>deinde</span> <span class='ocrx_word' id='word_1_117' title='bbox 204 1778 234 1835; x_wconf 90' lang='lat' dir='ltr'>in</span> <span class='ocrx_word' id='word_1_118' title='bbox 252 1778 462 1837; x_wconf 90' lang='lat' dir='ltr'>Tusculanum.</span> <span class='ocrx_word' id='word_1_119' title='bbox 503 1776 673 1836; x_wconf 90' lang='lat' dir='ltr'>Dolabellae</span> <span class='ocrx_word' id='word_1_120' title='bbox 694 1776 789 1833; x_wconf 88' lang='lat' dir='ltr'>villam</span> <span class='ocrx_word' id='word_1_121' title='bbox 811 1795 878 1836; x_wconf 91' lang='lat' dir='ltr'>cum</span> <span class='ocrx_word' id='word_1_122' title='bbox 900 1788 1026 1851; x_wconf 86' lang='lat' dir='ltr'>praeter·</span> 
     </span>
     <span class='ocr_line' id='line_1_17' title="bbox 77 1875 1025 1954; baseline 0.002 -20"><span class='ocrx_word' id='word_1_123' title='bbox 77 1878 140 1946; x_wconf 89' lang='lat' dir='ltr'>iret,</span> <span class='ocrx_word' id='word_1_124' title='bbox 151 1877 247 1933; x_wconf 89' lang='lat' dir='ltr'>omnis</span> <span class='ocrx_word' id='word_1_125' title='bbox 262 1886 439 1935; x_wconf 86' lang='lat' dir='ltr'>armatorum</span> <span class='ocrx_word' id='word_1_126' title='bbox 454 1876 540 1952; x_wconf 92' lang='lat' dir='ltr'>copia</span> <span class='ocrx_word' id='word_1_127' title='bbox 554 1875 655 1935; x_wconf 86' lang='lat' dir='ltr'>dextra</span> <span class='ocrx_word' id='word_1_128' title='bbox 669 1875 782 1934; x_wconf 90' lang='lat' dir='ltr'>sinistra</span> <span class='ocrx_word' id='word_1_129' title='bbox 796 1875 834 1935; x_wconf 90' lang='lat' dir='ltr'>ad</span> <span class='ocrx_word' id='word_1_130' title='bbox 849 1892 956 1954; x_wconf 89' lang='lat' dir='ltr'>equum</span> <span class='ocrx_word' id='word_1_131' title='bbox 970 1893 1025 1937; x_wconf 87' lang='lat' dir='ltr'>nec</span> 
     </span>
     <span class='ocr_line' id='line_1_18' title="bbox 76 1973 563 2053; baseline -0.006 -17"><span class='ocrx_word' id='word_1_132' title='bbox 76 1992 203 2053; x_wconf 89' lang='lat' dir='ltr'>usquam</span> <span class='ocrx_word' id='word_1_133' title='bbox 217 1975 292 2035; x_wconf 89' lang='lat' dir='ltr'>alibi.</span> <span class='ocrx_word' id='word_1_134' title='bbox 335 1974 405 2036; x_wconf 85' lang='lat' dir='ltr'>Hoc</span> <span class='ocrx_word' id='word_1_135' title='bbox 419 1993 455 2035; x_wconf 81' lang='lat' dir='ltr'>ex</span> <span class='ocrx_word' id='word_1_136' title='bbox 470 1973 563 2034; x_wconf 86' lang='lat' dir='ltr'>Nicia.</span> 
     </span>
    </p>
   </div>
   <div class='ocr_carea' id='block_1_4' title="bbox 0 0 1244 3842">
    <p class='ocr_par' dir='ltr' id='par_1_5' title="bbox 0 0 1244 3842">
     <span class='ocr_line' id='line_1_19' title="bbox 0 0 1244 3842; baseline 0 0"><span class='ocrx_word' id='word_1_137' title='bbox 0 0 1244 3842; x_wconf 95' lang='lat' dir='ltr'> </span> 
     </span>
    </p>
   </div>
  </div>
 </body>
</html>
