2452 3842
23 259 67 321 ip.
87 272 147 320 121,
163 246 232 328 raa]
268 259 380 311 EPIST.
396 259 446 308 Ao
459 245 624 310 ArrictJM
636 261 710 310 XVI·
730 267 778 311 11.
917 265 981 333 245

23 427 176 485 ruperum
195 409 310 482 faciunt,
329 429 402 488 quas
420 422 516 487 sperat
535 430 601 470 suas
622 430 705 470 esse:
729 431 780 469 eae
800 413 981 489 congiarium

23 510 63 565 rb
83 507 220 566 Antonio
235 509 364 584 accipere
379 511 540 580 noluerunt,
552 520 583 568 ut
597 509 644 568 hic
659 510 777 586 quidem
792 521 896 583 narrat,
911 514 981 570 etei

23 607 195 663 :onvitium
219 625 306 681 grave
334 607 464 666 fecerunt
492 609 769 684 contionantemque
797 609 982 684 reliquerunt.

23 705 119 776 Quid
142 705 275 780 quaeris?
303 706 408 764 ducem
433 725 464 764 se
489 707 638 782 profitetur
663 725 718 764 nec
741 725 796 765 nos
820 707 875 765 sibi
899 718 983 784 putat

23 804 142 860 deesse
167 813 308 878 oportere.
352 803 498 882 Equidem
523 805 608 873 suasi,
629 815 662 863 ut
682 804 810 864 Romam
831 819 981 883 pergeret;

23 902 151 960 videtur
171 903 249 959 enirn
270 901 339 959 mihi
361 911 389 960 et
410 903 590 979 plebeculam
615 904 756 960 urbanam
782 913 819 975 et,
844 905 868 962 si
893 905 982 963 fidem

23 1001 147 1070 fecerit,
162 1001 249 1058 etiam
263 1001 359 1060 bonos
374 1003 450 1060 viros
465 1019 564 1059 secum
578 1001 735 1060 habiturus.
778 1001 806 1060 Ο
821 1003 917 1074 Brute,
933 1005 983 1062 ubi

23 1100 88 1157 es?
115 1107 253 1174 quantam
272 1101 396 1172 εὐκαιρίαν
410 1101 530 1159 amittis!
554 1117 616 1157 non
628 1101 764 1176 equidem
778 1101 835 1159 hoc
850 1101 983 1173 divinavi,

24 1198 91 1255 sed
113 1196 221 1273 aliquid
241 1197 298 1254 taie
318 1198 414 1274 putavi
435 1197 505 1256 fore.
548 1197 636 1257 Nunc
657 1209 738 1256 tuum
759 1200 912 1258 consilium
933 1219 983 1258 ex-

23 1296 131 1372 quiro
175 1295 340 1354 Romamne
361 1297 453 1368 venio,
475 1315 513 1354 an
534 1296 581 1354 hic
602 1315 718 1367 maneo,
738 1316 776 1355 an
798 1298 984 1375 Arpinum-

25 1397 188 1467 ἀσφάλειαν
214 1393 300 1452 habet
328 1394 352 1452 is
380 1395 642 1471 locus-fugiam?
685 1396 823 1468 Romam,
849 1416 886 1455 ne
910 1397 984 1455 desi-

26 1492 182 1562 deremur‚
205 1493 228 1550 si
249 1493 318 1568 quid
339 1505 435 1552 actum
457 1494 606 1572 videbitur.
649 1493 719 1553 Hoc
744 1494 829 1570 igitur
854 1496 984 1573 explica:

28 1608 202 1667 numquam
217 1591 247 1648 in
261 1593 370 1650 maiore
383 1593 476 1666 ἀπορίᾳ
490 1592 537 1650 fui

241 1751 307 1806 122.
348 1748 405 1806 AD
427 1746 621 1806 ATTICUM
642 1749 724 1809 XVI.
750 1768 795 1808 11.

86 1862 156 1922 Seu.
171 1883 201 1922 ru
221 1864 401 1924 Puruonnno
423 1863 517 1922 Nonus
537 1862 749 1923 Novuuaumus
771 1884 853 1925 mue.
878 1880 945 1940 710.

356 1989 458 2030 cremo
480 1989 585 2029 Arrrco
606 1988 667 2028 snn.

85 2106 112 2144 1.
135 2085 229 2146 Noms
254 2087 353 2162 accepi
374 2104 391 2143 a
412 2095 440 2143 te
462 2085 534 2143 duas
555 2085 701 2160 epistolas
723 2103 847 2160 quarum
867 2088 986 2147 alteram

36 2184 109 2242 Kal.
128 2185 258 2256 dederas,
274 2185 393 2243 alteram
413 2183 520 2258 pridie:
543 2184 629 2259 igitur
647 2184 726 2260 prius
744 2185 781 2242 ad
801 2187 986 2261 superiorem.

35 2283 186 2342 Nostrum
199 2300 275 2359 opus
289 2282 340 2340 tibi
355 2283 469 2358 probari
487 2281 586 2353 laetor,
601 2300 637 2339 ex
657 2301 716 2358 quo
735 2284 798 2354 ἄνθη
817 2285 880 2359 ipsa
898 2302 987 2361 posu-

37 2384 96 2454 isti,
114 2400 189 2458 quae
209 2381 279 2438 mihi
299 2380 466 2438 florentiora
487 2389 553 2437 sunt
573 2380 634 2437 visa
654 2389 705 2437 tuo
730 2380 854 2453 iudicio;
877 2383 987 2442 cemlas

40 2481 123 2536 enim
138 2490 202 2537 tuas
217 2480 349 2536 miniates
363 2479 425 2537 ilias
439 2479 674 2536 extimescebam,
715 2478 762 2536 De
778 2477 861 2537 Sicca
878 2480 916 2538 ita
935 2491 987 2550 est,

40 2589 73 2634 ut
89 2578 208 2650 scribis;
223 2581 242 2646 †
256 2587 319 2636 asta
333 2597 367 2635 ea
381 2595 468 2651 aegre
482 2594 529 2634 me
543 2577 631 2634 tenui.
674 2576 777 2652 Itaque
796 2578 990 2654 perstringam

43 2677 109 2733 sine
137 2675 195 2733 ulla
222 2675 396 2734 contumelia
425 2673 525 2732 Siccae
553 2682 603 2731 aut
631 2673 796 2749 Septimiae,
818 2684 928 2733 tantum
957 2686 989 2733 ut

43 2774 139 2832 sciant
161 2776 248 2832 παῖδες
271 2775 376 2838 παίδων,
398 2773 461 2831 sine
485 2771 559 2830 vallo
585 2771 744 2842 Luciliano,
766 2790 834 2830 eum
855 2791 890 2830 ex
912 2773 990 2832 Galli

44 2870 130 2930 Fadii
152 2871 210 2930 filia
236 2871 343 2929 liberos
371 2870 512 2928 habuisse.
556 2870 653 2946 Atque
677 2871 789 2930 utinam
816 2889 883 2928 eum
911 2872 989 2929 diem

44 2969 169 3040 videam,
191 2988 257 3028 eum
282 2970 336 3028 ista
361 2969 452 3027 oratio
477 2969 517 3026 ita
540 2967 629 3026 iibere
649 2979 775 3044 vagetur,
798 2975 830 3026 ut
849 2968 936 3026 etiam
958 2969 989 3026 in

48 3067 149 3128 Siccae
165 3069 286 3128 domum
301 3069 438 3126 introeat!
462 3067 513 3126 sed
530 3067 577 3124 iilo
597 3077 729 3144 tempore
748 3085 823 3142 opus
842 3078 895 3140 est,
909 3069 992 3144 quod

48 3166 100 3226 fuit
125 3167 179 3226 illis
203 3187 244 3226 111.
265 3167 340 3226 viris.
383 3165 501 3236 Moriar,
523 3166 579 3224 nisi
601 3165 710 3224 facete!
753 3165 801 3224 Tu
822 3184 890 3224 vero
910 3167 991 3242 leges

50 3263 139 3324 Sexto
161 3266 280 3341 eiusque
300 3264 437 3323 iudicium
458 3263 528 3320 mihi
548 3265 718 3340 perscribes.
756 3262 801 3323 Εἷς
821 3267 878 3338 ἐμοὶ
897 3263 991 3337 μύριοι.

50 3361 150 3422 Caleni
164 3364 356 3422 interventum
370 3373 399 3421 et
413 3361 558 3420 Calvenae
573 3363 697 3422 cavebis.
742 3383 767 3421 2.
783 3361 872 3434 Quod
886 3360 992 3418 vereris

50 3478 86 3520 ne
113 3465 257 3536 ἀδολεσχοε
284 3461 354 3519 mihi
382 3472 420 3533 tu,
443 3460 507 3540 quis
534 3460 650 3522 minus?
673 3461 727 3533 cui,
749 3469 780 3520 ut
803 3457 991 3534 Aristophani
