<?xml version="1.0" encoding="UTF-8"?>
<!DOCTYPE html PUBLIC "-//W3C//DTD XHTML 1.0 Transitional//EN"
    "http://www.w3.org/TR/xhtml1/DTD/xhtml1-transitional.dtd">
<html xmlns="http://www.w3.org/1999/xhtml" xml:lang="en" lang="en">
 <head>
  <title>
</title>
<meta http-equiv="Content-Type" content="text/html;charset=utf-8" />
  <meta name='ocr-system' content='tesseract 3.04.00' />
  <meta name='ocr-capabilities' content='ocr_page ocr_carea ocr_par ocr_line ocrx_word'/>
</head>
<body>
  <div class='ocr_page' id='page_1' title='image "./epistolaeselect00watsgoog/epistolaeselect00watsgoog_0279.png"; bbox 0 0 2436 3836; ppageno 0'>
   <div class='ocr_carea' id='block_1_1' title="bbox 225 201 1164 288">
    <p class='ocr_par' dir='ltr' id='par_1_1' title="bbox 225 201 1164 288">
     <span class='ocr_line' id='line_1_1' title="bbox 225 201 1164 288; baseline -0.007 -19"><span class='ocrx_word' id='word_1_1' title='bbox 225 201 286 288; x_wconf 86' lang='lat'>258</span> <span class='ocrx_word' id='word_1_2' title='bbox 503 214 541 264; x_wconf 78' lang='lat' dir='ltr'>M.</span> <span class='ocrx_word' id='word_1_3' title='bbox 567 213 685 263; x_wconf 76' lang='lat' dir='ltr'>rotun</span> <span class='ocrx_word' id='word_1_4' title='bbox 706 213 893 264; x_wconf 70' lang='lat' dir='ltr'>ciceronis</span> <span class='ocrx_word' id='word_1_5' title='bbox 950 205 953 211; x_wconf 83' lang='lat'>&#39;</span> <span class='ocrx_word' id='word_1_6' title='bbox 1067 201 1129 284; x_wconf 67' lang='lat' dir='ltr'>[rm</span> <span class='ocrx_word' id='word_1_7' title='bbox 1142 215 1164 262; x_wconf 79' lang='lat' dir='ltr'>t.</span> 
     </span>
    </p>
   </div>
   <div class='ocr_carea' id='block_1_2' title="bbox 223 369 1165 648">
    <p class='ocr_par' dir='ltr' id='par_1_2' title="bbox 223 369 1165 648">
     <span class='ocr_line' id='line_1_2' title="bbox 224 369 1164 449; baseline -0.009 -15"><span class='ocrx_word' id='word_1_8' title='bbox 224 373 422 435; x_wconf 79' lang='lat' dir='ltr'>conciliandae</span> <span class='ocrx_word' id='word_1_9' title='bbox 441 383 469 432; x_wconf 88' lang='lat' dir='ltr'>te</span> <span class='ocrx_word' id='word_1_10' title='bbox 490 373 628 449; x_wconf 91' lang='lat' dir='ltr'>cupidum</span> <span class='ocrx_word' id='word_1_11' title='bbox 647 389 711 431; x_wconf 90' lang='lat' dir='ltr'>esse</span> <span class='ocrx_word' id='word_1_12' title='bbox 729 372 838 430; x_wconf 86' lang='lat' dir='ltr'>laetor:</span> <span class='ocrx_word' id='word_1_13' title='bbox 860 389 928 430; x_wconf 90' lang='lat' dir='ltr'>eam</span> <span class='ocrx_word' id='word_1_14' title='bbox 951 369 977 430; x_wconf 93' lang='lat' dir='ltr'>si</span> <span class='ocrx_word' id='word_1_15' title='bbox 1001 389 1021 428; x_wconf 89' lang='lat' dir='ltr'>a</span> <span class='ocrx_word' id='word_1_16' title='bbox 1044 371 1164 430; x_wconf 85' lang='lat' dir='ltr'>servitute</span> 
     </span>
     <span class='ocr_line' id='line_1_3' title="bbox 225 469 1164 550; baseline -0.009 -17"><span class='ocrx_word' id='word_1_17' title='bbox 225 473 359 550; x_wconf 75' lang='lat' dir='ltr'>seiungis</span> <span class='ocrx_word' id='word_1_18' title='bbox 380 472 515 532; x_wconf 90' lang='lat' dir='ltr'>consules</span> <span class='ocrx_word' id='word_1_19' title='bbox 535 481 564 530; x_wconf 88' lang='lat' dir='ltr'>et</span> <span class='ocrx_word' id='word_1_20' title='bbox 587 471 629 530; x_wconf 91' lang='lat' dir='ltr'>rei</span> <span class='ocrx_word' id='word_1_21' title='bbox 649 471 782 548; x_wconf 90' lang='lat' dir='ltr'>publicae</span> <span class='ocrx_word' id='word_1_22' title='bbox 801 479 831 528; x_wconf 89' lang='lat' dir='ltr'>et</span> <span class='ocrx_word' id='word_1_23' title='bbox 855 470 994 545; x_wconf 87' lang='lat' dir='ltr'>dignitati</span> <span class='ocrx_word' id='word_1_24' title='bbox 1017 478 1105 542; x_wconf 87' lang='lat' dir='ltr'>tuae;</span> <span class='ocrx_word' id='word_1_25' title='bbox 1130 469 1164 526; x_wconf 89' lang='lat' dir='ltr'>sin</span> 
     </span>
     <span class='ocr_line' id='line_1_4' title="bbox 223 569 1165 648; baseline -0.005 -18"><span class='ocrx_word' id='word_1_26' title='bbox 223 573 280 632; x_wconf 88' lang='lat' dir='ltr'>ista</span> <span class='ocrx_word' id='word_1_27' title='bbox 293 587 351 648; x_wconf 81' lang='lat' dir='ltr'>pax</span> <span class='ocrx_word' id='word_1_28' title='bbox 368 571 512 646; x_wconf 89' lang='lat' dir='ltr'>perditum</span> <span class='ocrx_word' id='word_1_29' title='bbox 530 569 681 628; x_wconf 90' lang='lat' dir='ltr'>hominem</span> <span class='ocrx_word' id='word_1_30' title='bbox 700 570 730 626; x_wconf 91' lang='lat' dir='ltr'>in</span> <span class='ocrx_word' id='word_1_31' title='bbox 749 569 970 646; x_wconf 88' lang='lat' dir='ltr'>possessionem</span> <span class='ocrx_word' id='word_1_32' title='bbox 991 569 1165 646; x_wconf 79' lang='lat' dir='ltr'>impotentis</span> 
     </span>
    </p>
   </div>
   <div class='ocr_carea' id='block_1_3' title="bbox 225 666 1166 838">
    <p class='ocr_par' dir='ltr' id='par_1_3' title="bbox 225 666 1166 838">
     <span class='ocr_line' id='line_1_5' title="bbox 225 666 1165 739; baseline -0.009 -9"><span class='ocrx_word' id='word_1_33' title='bbox 225 671 291 730; x_wconf 88' lang='lat' dir='ltr'>simi</span> <span class='ocrx_word' id='word_1_34' title='bbox 312 669 479 728; x_wconf 85' lang='lat' dir='ltr'>dominatus</span> <span class='ocrx_word' id='word_1_35' title='bbox 506 668 668 728; x_wconf 82' lang='lat' dir='ltr'>restitutura</span> <span class='ocrx_word' id='word_1_36' title='bbox 696 678 747 739; x_wconf 87' lang='lat' dir='ltr'>est,</span> <span class='ocrx_word' id='word_1_37' title='bbox 768 667 824 726; x_wconf 88' lang='lat' dir='ltr'>hoc</span> <span class='ocrx_word' id='word_1_38' title='bbox 849 667 950 725; x_wconf 90' lang='lat' dir='ltr'>animo</span> <span class='ocrx_word' id='word_1_39' title='bbox 972 666 1053 725; x_wconf 91' lang='lat' dir='ltr'>scito</span> <span class='ocrx_word' id='word_1_40' title='bbox 1076 683 1165 725; x_wconf 87' lang='lat' dir='ltr'>omnes</span> 
     </span>
     <span class='ocr_line' id='line_1_6' title="bbox 225 760 1166 838; baseline -0.011 -14"><span class='ocrx_word' id='word_1_41' title='bbox 225 781 323 836; x_wconf 86' lang='lat' dir='ltr'>sanos,</span> <span class='ocrx_word' id='word_1_42' title='bbox 341 773 375 822; x_wconf 93' lang='lat' dir='ltr'>ut</span> <span class='ocrx_word' id='word_1_43' title='bbox 394 773 520 822; x_wconf 87' lang='lat' dir='ltr'>mortem</span> <span class='ocrx_word' id='word_1_44' title='bbox 541 762 667 822; x_wconf 90' lang='lat' dir='ltr'>servituti</span> <span class='ocrx_word' id='word_1_45' title='bbox 688 771 874 838; x_wconf 83' lang='lat' dir='ltr'>anteponant</span> <span class='ocrx_word' id='word_1_46' title='bbox 919 780 947 819; x_wconf 86' lang='lat' dir='ltr'>a.</span> <span class='ocrx_word' id='word_1_47' title='bbox 971 760 1085 838; x_wconf 89' lang='lat' dir='ltr'>Itaque</span> <span class='ocrx_word' id='word_1_48' title='bbox 1106 760 1166 835; x_wconf 89' lang='lat' dir='ltr'>sapi-</span> 
     </span>
    </p>
   </div>
   <div class='ocr_carea' id='block_1_4' title="bbox 225 860 1171 1335">
    <p class='ocr_par' dir='ltr' id='par_1_4' title="bbox 225 860 1171 1335">
     <span class='ocr_line' id='line_1_7' title="bbox 225 860 1168 940; baseline -0.007 -16"><span class='ocrx_word' id='word_1_49' title='bbox 225 865 329 936; x_wconf 90' lang='lat' dir='ltr'>entius,</span> <span class='ocrx_word' id='word_1_50' title='bbox 343 881 410 922; x_wconf 90' lang='lat' dir='ltr'>meo</span> <span class='ocrx_word' id='word_1_51' title='bbox 433 862 551 940; x_wconf 89' lang='lat' dir='ltr'>quidem</span> <span class='ocrx_word' id='word_1_52' title='bbox 572 862 686 933; x_wconf 91' lang='lat' dir='ltr'>iudicio,</span> <span class='ocrx_word' id='word_1_53' title='bbox 702 861 798 932; x_wconf 88' lang='lat' dir='ltr'>facies,</span> <span class='ocrx_word' id='word_1_54' title='bbox 820 861 844 920; x_wconf 95' lang='lat' dir='ltr'>si</span> <span class='ocrx_word' id='word_1_55' title='bbox 864 870 893 919; x_wconf 90' lang='lat' dir='ltr'>te</span> <span class='ocrx_word' id='word_1_56' title='bbox 913 860 945 918; x_wconf 89' lang='lat' dir='ltr'>in</span> <span class='ocrx_word' id='word_1_57' title='bbox 967 860 1062 919; x_wconf 88' lang='lat' dir='ltr'>istam</span> <span class='ocrx_word' id='word_1_58' title='bbox 1084 860 1168 937; x_wconf 86' lang='lat' dir='ltr'>pacili-</span> 
     </span>
     <span class='ocr_line' id='line_1_8' title="bbox 226 961 1168 1036; baseline -0.012 -11"><span class='ocrx_word' id='word_1_59' title='bbox 226 964 371 1025; x_wconf 80' lang='lat' dir='ltr'>cationem</span> <span class='ocrx_word' id='word_1_60' title='bbox 399 979 460 1020; x_wconf 90' lang='lat' dir='ltr'>non</span> <span class='ocrx_word' id='word_1_61' title='bbox 493 961 670 1036; x_wconf 86' lang='lat' dir='ltr'>interpones,</span> <span class='ocrx_word' id='word_1_62' title='bbox 699 977 774 1036; x_wconf 91' lang='lat' dir='ltr'>quae</span> <span class='ocrx_word' id='word_1_63' title='bbox 807 977 902 1035; x_wconf 91' lang='lat' dir='ltr'>neque</span> <span class='ocrx_word' id='word_1_64' title='bbox 930 962 1053 1018; x_wconf 87' lang='lat' dir='ltr'>senatui</span> <span class='ocrx_word' id='word_1_65' title='bbox 1087 976 1168 1034; x_wconf 90' lang='lat' dir='ltr'>neque</span> 
     </span>
     <span class='ocr_line' id='line_1_9' title="bbox 226 1057 1170 1148; baseline -0.006 -29"><span class='ocrx_word' id='word_1_66' title='bbox 226 1061 337 1140; x_wconf 90' lang='lat' dir='ltr'>populo</span> <span class='ocrx_word' id='word_1_67' title='bbox 358 1077 413 1118; x_wconf 88' lang='lat' dir='ltr'>nec</span> <span class='ocrx_word' id='word_1_68' title='bbox 434 1059 569 1148; x_wconf 78' lang='lat' dir='ltr'>cuiquam</span> <span class='ocrx_word' id='word_1_69' title='bbox 596 1059 678 1116; x_wconf 92' lang='lat' dir='ltr'>bono</span> <span class='ocrx_word' id='word_1_70' title='bbox 705 1059 850 1134; x_wconf 90' lang='lat' dir='ltr'>probatur.</span> <span class='ocrx_word' id='word_1_71' title='bbox 895 1057 957 1116; x_wconf 91' lang='lat' dir='ltr'>Sed</span> <span class='ocrx_word' id='word_1_72' title='bbox 978 1057 1060 1118; x_wconf 88' lang='lat' dir='ltr'>haee</span> <span class='ocrx_word' id='word_1_73' title='bbox 1083 1059 1170 1116; x_wconf 83' lang='lat' dir='ltr'>audies</span> 
     </span>
     <span class='ocr_line' id='line_1_10' title="bbox 226 1154 1171 1235; baseline -0.007 -17"><span class='ocrx_word' id='word_1_74' title='bbox 226 1173 263 1220; x_wconf 81' lang='lat' dir='ltr'>ex</span> <span class='ocrx_word' id='word_1_75' title='bbox 278 1160 341 1218; x_wconf 84' lang='lat' dir='ltr'>aliis</span> <span class='ocrx_word' id='word_1_76' title='bbox 355 1167 404 1217; x_wconf 90' lang='lat' dir='ltr'>aut</span> <span class='ocrx_word' id='word_1_77' title='bbox 418 1158 522 1216; x_wconf 88' lang='lat' dir='ltr'>certior</span> <span class='ocrx_word' id='word_1_78' title='bbox 536 1156 587 1216; x_wconf 90' lang='lat' dir='ltr'>fies</span> <span class='ocrx_word' id='word_1_79' title='bbox 602 1157 719 1215; x_wconf 90' lang='lat' dir='ltr'>litteris:</span> <span class='ocrx_word' id='word_1_80' title='bbox 741 1165 773 1214; x_wconf 91' lang='lat' dir='ltr'>tu</span> <span class='ocrx_word' id='word_1_81' title='bbox 792 1173 846 1235; x_wconf 91' lang='lat' dir='ltr'>pro</span> <span class='ocrx_word' id='word_1_82' title='bbox 860 1164 910 1214; x_wconf 93' lang='lat' dir='ltr'>tua</span> <span class='ocrx_word' id='word_1_83' title='bbox 923 1156 1100 1231; x_wconf 89' lang='lat' dir='ltr'>prudentia,</span> <span class='ocrx_word' id='word_1_84' title='bbox 1114 1154 1171 1233; x_wconf 90' lang='lat' dir='ltr'>quid</span> 
     </span>
     <span class='ocr_line' id='line_1_11' title="bbox 226 1254 651 1335; baseline -0.009 -17"><span class='ocrx_word' id='word_1_85' title='bbox 226 1259 369 1335; x_wconf 89' lang='lat' dir='ltr'>optimum</span> <span class='ocrx_word' id='word_1_86' title='bbox 383 1255 460 1315; x_wconf 83' lang='lat' dir='ltr'>tactu</span> <span class='ocrx_word' id='word_1_87' title='bbox 474 1255 518 1326; x_wconf 91' lang='lat' dir='ltr'>sit,</span> <span class='ocrx_word' id='word_1_88' title='bbox 533 1254 651 1314; x_wconf 90' lang='lat' dir='ltr'>videbis.</span> 
     </span>
    </p>
   </div>
   <div class='ocr_carea' id='block_1_5' title="bbox 427 1410 976 1470">
    <p class='ocr_par' dir='ltr' id='par_1_5' title="bbox 427 1410 976 1470">
     <span class='ocr_line' id='line_1_12' title="bbox 427 1410 976 1470; baseline -0.002 0"><span class='ocrx_word' id='word_1_89' title='bbox 427 1416 492 1470; x_wconf 86' lang='lat'>132.</span> <span class='ocrx_word' id='word_1_90' title='bbox 535 1412 592 1470; x_wconf 88' lang='grc' dir='ltr'>ΑΙ)</span> <span class='ocrx_word' id='word_1_91' title='bbox 613 1410 865 1470; x_wconf 87' lang='lat' dir='ltr'><strong>FAMILIARES</strong></span> <span class='ocrx_word' id='word_1_92' title='bbox 886 1410 924 1469; x_wconf 87' lang='lat' dir='ltr'>X.</span> <span class='ocrx_word' id='word_1_93' title='bbox 947 1413 976 1469; x_wconf 91' lang='lat'>8.</span> 
     </span>
    </p>
   </div>
   <div class='ocr_carea' id='block_1_6' title="bbox 341 1526 1066 1601">
    <p class='ocr_par' dir='ltr' id='par_1_6' title="bbox 341 1526 1066 1601">
     <span class='ocr_line' id='line_1_13' title="bbox 341 1526 1066 1601; baseline -0.001 -14"><span class='ocrx_word' id='word_1_94' title='bbox 341 1527 408 1588; x_wconf 78' lang='lat' dir='ltr'>Seu.</span> <span class='ocrx_word' id='word_1_95' title='bbox 431 1547 462 1587; x_wconf 79' lang='lat' dir='ltr'>nt</span> <span class='ocrx_word' id='word_1_96' title='bbox 484 1528 602 1588; x_wconf 75' lang='lat' dir='ltr'>Guntia</span> <span class='ocrx_word' id='word_1_97' title='bbox 622 1545 716 1586; x_wconf 78' lang='lat' dir='ltr'>mansu</span> <span class='ocrx_word' id='word_1_98' title='bbox 738 1526 860 1586; x_wconf 76' lang='lat' dir='ltr'>Maumo</span> <span class='ocrx_word' id='word_1_99' title='bbox 881 1544 967 1586; x_wconf 70' lang='lat' dir='ltr'>auc.</span> <span class='ocrx_word' id='word_1_100' title='bbox 991 1540 1066 1601; x_wconf 79' lang='lat'><em>711.</em></span> 
     </span>
    </p>
   </div>
   <div class='ocr_carea' id='block_1_7' title="bbox 228 1651 1175 1800">
    <p class='ocr_par' dir='ltr' id='par_1_7' title="bbox 228 1651 1175 1800">
     <span class='ocr_line' id='line_1_14' title="bbox 228 1651 1175 1696; baseline -0.006 0"><span class='ocrx_word' id='word_1_101' title='bbox 228 1654 355 1696; x_wconf 64' lang='lat' dir='ltr'>staticus</span> <span class='ocrx_word' id='word_1_102' title='bbox 384 1654 444 1695; x_wconf 69' lang='lat' dir='ltr'>me.</span> <span class='ocrx_word' id='word_1_103' title='bbox 466 1654 525 1696; x_wconf 88' lang='lat' dir='ltr'>COS.</span> <span class='ocrx_word' id='word_1_104' title='bbox 547 1653 639 1695; x_wconf 78' lang='lat' dir='ltr'><strong>DESIG·</strong></span> <span class='ocrx_word' id='word_1_105' title='bbox 661 1653 683 1694; x_wconf 88' lang='grc'>8.</span> <span class='ocrx_word' id='word_1_106' title='bbox 705 1654 733 1694; x_wconf 90' lang='lat' dir='ltr'>D.</span> <span class='ocrx_word' id='word_1_107' title='bbox 755 1653 828 1694; x_wconf 80' lang='lat' dir='ltr'><strong>COSS.</strong></span> <span class='ocrx_word' id='word_1_108' title='bbox 848 1652 892 1692; x_wconf 85' lang='lat' dir='ltr'>PR.</span> <span class='ocrx_word' id='word_1_109' title='bbox 915 1651 965 1692; x_wconf 75' lang='lat' dir='ltr'>Tu.</span> <span class='ocrx_word' id='word_1_110' title='bbox 987 1652 1036 1696; x_wconf 74' lang='lat'>1³1..</span> <span class='ocrx_word' id='word_1_111' title='bbox 1059 1652 1175 1694; x_wconf 72' lang='lat' dir='ltr'>sunam</span> 
     </span>
     <span class='ocr_line' id='line_1_15' title="bbox 481 1750 922 1800; baseline -0.005 -8"><span class='ocrx_word' id='word_1_112' title='bbox 481 1752 591 1794; x_wconf 82' lang='lat' dir='ltr'>POPULO</span> <span class='ocrx_word' id='word_1_113' title='bbox 611 1751 753 1800; x_wconf 83' lang='lat' dir='ltr'><strong>PLEBIQUE</strong></span> <span class='ocrx_word' id='word_1_114' title='bbox 773 1750 922 1792; x_wconf 77' lang='lat' dir='ltr'>ROMANAE.</span> 
     </span>
    </p>
   </div>
   <div class='ocr_carea' id='block_1_8' title="bbox 228 1847 1179 3496">
    <p class='ocr_par' dir='ltr' id='par_1_8' title="bbox 228 1847 1179 3496">
     <span class='ocr_line' id='line_1_16' title="bbox 274 1847 1176 1926; baseline 0 -19"><span class='ocrx_word' id='word_1_115' title='bbox 274 1869 299 1910; x_wconf 88' lang='lat'>1.</span> <span class='ocrx_word' id='word_1_116' title='bbox 322 1848 354 1908; x_wconf 83' lang='lat' dir='ltr'>St</span> <span class='ocrx_word' id='word_1_117' title='bbox 372 1850 419 1909; x_wconf 90' lang='lat' dir='ltr'>cui</span> <span class='ocrx_word' id='word_1_118' title='bbox 438 1849 512 1908; x_wconf 81' lang='lat' dir='ltr'>forte</span> <span class='ocrx_word' id='word_1_119' title='bbox 530 1849 630 1908; x_wconf 87' lang='lat' dir='ltr'>videor</span> <span class='ocrx_word' id='word_1_120' title='bbox 644 1848 750 1908; x_wconf 90' lang='lat' dir='ltr'>diutius</span> <span class='ocrx_word' id='word_1_121' title='bbox 768 1858 796 1906; x_wconf 89' lang='lat' dir='ltr'>et</span> <span class='ocrx_word' id='word_1_122' title='bbox 817 1847 971 1906; x_wconf 91' lang='lat' dir='ltr'>hominum</span> <span class='ocrx_word' id='word_1_123' title='bbox 985 1850 1176 1926; x_wconf 86' lang='lat' dir='ltr'>exspectatio</span> 
     </span>
     <span class='ocr_line' id='line_1_17' title="bbox 230 1947 1177 2024; baseline -0.002 -16"><span class='ocrx_word' id='word_1_124' title='bbox 230 1967 298 2009; x_wconf 90' lang='lat' dir='ltr'>nem</span> <span class='ocrx_word' id='word_1_125' title='bbox 313 1958 342 2008; x_wconf 89' lang='lat' dir='ltr'>et</span> <span class='ocrx_word' id='word_1_126' title='bbox 357 1967 440 2024; x_wconf 89' lang='lat' dir='ltr'>spem</span> <span class='ocrx_word' id='word_1_127' title='bbox 453 1949 495 2008; x_wconf 93' lang='lat' dir='ltr'>rei</span> <span class='ocrx_word' id='word_1_128' title='bbox 514 1948 646 2024; x_wconf 91' lang='lat' dir='ltr'>publicae</span> <span class='ocrx_word' id='word_1_129' title='bbox 666 1947 702 2005; x_wconf 93' lang='lat' dir='ltr'>de</span> <span class='ocrx_word' id='word_1_130' title='bbox 720 1965 787 2005; x_wconf 91' lang='lat' dir='ltr'>mea</span> <span class='ocrx_word' id='word_1_131' title='bbox 804 1947 948 2006; x_wconf 88' lang='lat' dir='ltr'>voluntate</span> <span class='ocrx_word' id='word_1_132' title='bbox 971 1951 1111 2008; x_wconf 90' lang='lat' dir='ltr'>tenuisse</span> <span class='ocrx_word' id='word_1_133' title='bbox 1125 1968 1177 2008; x_wconf 90' lang='lat' dir='ltr'>sus·</span> 
     </span>
     <span class='ocr_line' id='line_1_18' title="bbox 229 2045 1177 2125; baseline -0.001 -18"><span class='ocrx_word' id='word_1_134' title='bbox 229 2065 360 2125; x_wconf 85' lang='lat' dir='ltr'>pensam,</span> <span class='ocrx_word' id='word_1_135' title='bbox 374 2046 441 2105; x_wconf 92' lang='lat' dir='ltr'>huic</span> <span class='ocrx_word' id='word_1_136' title='bbox 463 2047 542 2122; x_wconf 90' lang='lat' dir='ltr'>prius</span> <span class='ocrx_word' id='word_1_137' title='bbox 564 2045 765 2104; x_wconf 84' lang='lat' dir='ltr'>excusandum</span> <span class='ocrx_word' id='word_1_138' title='bbox 786 2063 834 2103; x_wconf 89' lang='lat' dir='ltr'>me</span> <span class='ocrx_word' id='word_1_139' title='bbox 855 2063 920 2103; x_wconf 89' lang='lat' dir='ltr'>esse</span> <span class='ocrx_word' id='word_1_140' title='bbox 941 2046 1073 2106; x_wconf 86' lang='lat' dir='ltr'>arbitror</span> <span class='ocrx_word' id='word_1_141' title='bbox 1096 2065 1177 2125; x_wconf 88' lang='lat' dir='ltr'>quam</span> 
     </span>
     <span class='ocr_line' id='line_1_19' title="bbox 230 2142 1175 2221; baseline -0.004 -15"><span class='ocrx_word' id='word_1_142' title='bbox 230 2148 267 2208; x_wconf 92' lang='lat' dir='ltr'>de</span> <span class='ocrx_word' id='word_1_143' title='bbox 292 2144 454 2220; x_wconf 88' lang='lat' dir='ltr'>insequenti</span> <span class='ocrx_word' id='word_1_144' title='bbox 478 2144 575 2202; x_wconf 88' lang='lat' dir='ltr'>officio</span> <span class='ocrx_word' id='word_1_145' title='bbox 602 2144 758 2221; x_wconf 90' lang='lat' dir='ltr'>quicquam</span> <span class='ocrx_word' id='word_1_146' title='bbox 785 2143 833 2201; x_wconf 91' lang='lat' dir='ltr'>ulli</span> <span class='ocrx_word' id='word_1_147' title='bbox 861 2142 1089 2219; x_wconf 67' lang='lat' dir='ltr'>pollicendum</span> <span class='ocrx_word' id='word_1_148' title='bbox 1123 2164 1175 2205; x_wconf 89' lang='lat' dir='ltr'>non</span> 
     </span>
     <span class='ocr_line' id='line_1_20' title="bbox 230 2240 1177 2322; baseline -0.002 -19"><span class='ocrx_word' id='word_1_149' title='bbox 230 2246 308 2304; x_wconf 90' lang='lat' dir='ltr'>enim</span> <span class='ocrx_word' id='word_1_150' title='bbox 322 2245 504 2319; x_wconf 87' lang='lat' dir='ltr'>praeteritam</span> <span class='ocrx_word' id='word_1_151' title='bbox 521 2243 637 2320; x_wconf 88' lang='lat' dir='ltr'>culpam</span> <span class='ocrx_word' id='word_1_152' title='bbox 660 2243 749 2301; x_wconf 89' lang='lat' dir='ltr'>videri</span> <span class='ocrx_word' id='word_1_153' title='bbox 763 2241 829 2300; x_wconf 92' lang='lat' dir='ltr'>volo</span> <span class='ocrx_word' id='word_1_154' title='bbox 849 2240 1019 2313; x_wconf 89' lang='lat' dir='ltr'>redemisse,</span> <span class='ocrx_word' id='word_1_155' title='bbox 1037 2245 1096 2304; x_wconf 89' lang='lat' dir='ltr'>sed</span> <span class='ocrx_word' id='word_1_156' title='bbox 1111 2245 1177 2322; x_wconf 89' lang='lat' dir='ltr'>opti·</span> 
     </span>
     <span class='ocr_line' id='line_1_21' title="bbox 230 2339 1177 2417; baseline 0 -17"><span class='ocrx_word' id='word_1_157' title='bbox 230 2361 296 2400; x_wconf 88' lang='lat' dir='ltr'>mae</span> <span class='ocrx_word' id='word_1_158' title='bbox 317 2340 421 2401; x_wconf 90' lang='lat' dir='ltr'>mentis</span> <span class='ocrx_word' id='word_1_159' title='bbox 443 2341 569 2417; x_wconf 83' lang='lat' dir='ltr'>cogitata</span> <span class='ocrx_word' id='word_1_160' title='bbox 587 2341 645 2398; x_wconf 91' lang='lat' dir='ltr'>iam</span> <span class='ocrx_word' id='word_1_161' title='bbox 666 2339 778 2416; x_wconf 90' lang='lat' dir='ltr'>pridem</span> <span class='ocrx_word' id='word_1_162' title='bbox 798 2348 912 2397; x_wconf 91' lang='lat' dir='ltr'>maturo</span> <span class='ocrx_word' id='word_1_163' title='bbox 931 2347 1072 2416; x_wconf 88' lang='lat' dir='ltr'>tempore</span> <span class='ocrx_word' id='word_1_164' title='bbox 1095 2361 1177 2402; x_wconf 89' lang='lat' dir='ltr'>enun-</span> 
     </span>
     <span class='ocr_line' id='line_1_22' title="bbox 228 2436 1177 2515; baseline -0.001 -16"><span class='ocrx_word' id='word_1_165' title='bbox 228 2442 310 2500; x_wconf 88' lang='lat' dir='ltr'>tiare.</span> <span class='ocrx_word' id='word_1_166' title='bbox 354 2458 381 2496; x_wconf 85' lang='lat'>2.</span> <span class='ocrx_word' id='word_1_167' title='bbox 402 2438 474 2498; x_wconf 90' lang='lat' dir='ltr'>Non</span> <span class='ocrx_word' id='word_1_168' title='bbox 488 2457 536 2498; x_wconf 89' lang='lat' dir='ltr'>me</span> <span class='ocrx_word' id='word_1_169' title='bbox 550 2439 722 2515; x_wconf 89' lang='lat' dir='ltr'>praeteribat</span> <span class='ocrx_word' id='word_1_170' title='bbox 737 2439 767 2496; x_wconf 92' lang='lat' dir='ltr'>in</span> <span class='ocrx_word' id='word_1_171' title='bbox 781 2447 860 2496; x_wconf 86' lang='lat' dir='ltr'>tanta</span> <span class='ocrx_word' id='word_1_172' title='bbox 874 2436 1075 2499; x_wconf 89' lang='lat' dir='ltr'>sollicitudine</span> <span class='ocrx_word' id='word_1_173' title='bbox 1089 2441 1177 2500; x_wconf 93' lang='lat' dir='ltr'>homi·</span> 
     </span>
     <span class='ocr_line' id='line_1_23' title="bbox 231 2533 1177 2612; baseline -0.003 -15"><span class='ocrx_word' id='word_1_174' title='bbox 231 2556 302 2597; x_wconf 91' lang='lat' dir='ltr'>num</span> <span class='ocrx_word' id='word_1_175' title='bbox 313 2548 342 2597; x_wconf 91' lang='lat' dir='ltr'>et</span> <span class='ocrx_word' id='word_1_176' title='bbox 355 2546 415 2595; x_wconf 88' lang='lat' dir='ltr'>tam</span> <span class='ocrx_word' id='word_1_177' title='bbox 429 2539 594 2612; x_wconf 89' lang='lat' dir='ltr'>perturbato</span> <span class='ocrx_word' id='word_1_178' title='bbox 606 2546 682 2596; x_wconf 92' lang='lat' dir='ltr'>statu</span> <span class='ocrx_word' id='word_1_179' title='bbox 695 2536 816 2595; x_wconf 88' lang='lat' dir='ltr'>civitatis</span> <span class='ocrx_word' id='word_1_180' title='bbox 829 2533 1100 2597; x_wconf 81' lang='lat' dir='ltr'>fructuosissimam</span> <span class='ocrx_word' id='word_1_181' title='bbox 1122 2556 1177 2598; x_wconf 89' lang='lat' dir='ltr'>esse</span> 
     </span>
     <span class='ocr_line' id='line_1_24' title="bbox 233 2632 1178 2715; baseline -0.001 -20"><span class='ocrx_word' id='word_1_182' title='bbox 233 2637 444 2715; x_wconf 82' lang='lat' dir='ltr'>professionem</span> <span class='ocrx_word' id='word_1_183' title='bbox 464 2637 560 2695; x_wconf 91' lang='lat' dir='ltr'>bonae</span> <span class='ocrx_word' id='word_1_184' title='bbox 575 2635 737 2706; x_wconf 89' lang='lat' dir='ltr'>voluntatis,</span> <span class='ocrx_word' id='word_1_185' title='bbox 752 2651 933 2710; x_wconf 84' lang='lat' dir='ltr'>magnosque</span> <span class='ocrx_word' id='word_1_186' title='bbox 947 2632 1085 2697; x_wconf 90' lang='lat' dir='ltr'>honores</span> <span class='ocrx_word' id='word_1_187' title='bbox 1101 2659 1139 2698; x_wconf 89' lang='lat' dir='ltr'>ex</span> <span class='ocrx_word' id='word_1_188' title='bbox 1152 2656 1178 2696; x_wconf 89' lang='lat' dir='ltr'>ea</span> 
     </span>
     <span class='ocr_line' id='line_1_25' title="bbox 230 2732 1177 2812; baseline 0.001 -19"><span class='ocrx_word' id='word_1_189' title='bbox 230 2754 263 2795; x_wconf 86' lang='lat' dir='ltr'>re</span> <span class='ocrx_word' id='word_1_190' title='bbox 286 2735 449 2812; x_wconf 90' lang='lat' dir='ltr'>complures</span> <span class='ocrx_word' id='word_1_191' title='bbox 477 2744 652 2793; x_wconf 88' lang='lat' dir='ltr'>consecutos</span> <span class='ocrx_word' id='word_1_192' title='bbox 679 2734 836 2805; x_wconf 74' lang='lat' dir='ltr'>videbam,</span> <span class='ocrx_word' id='word_1_193' title='bbox 866 2732 926 2802; x_wconf 92' lang='lat' dir='ltr'>sed,</span> <span class='ocrx_word' id='word_1_194' title='bbox 952 2750 1022 2791; x_wconf 91' lang='lat' dir='ltr'>cum</span> <span class='ocrx_word' id='word_1_195' title='bbox 1056 2737 1089 2794; x_wconf 91' lang='lat' dir='ltr'>in</span> <span class='ocrx_word' id='word_1_196' title='bbox 1120 2756 1177 2796; x_wconf 88' lang='lat' dir='ltr'>eum</span> 
     </span>
     <span class='ocr_line' id='line_1_26' title="bbox 234 2830 1178 2909; baseline -0.001 -16"><span class='ocrx_word' id='word_1_197' title='bbox 234 2851 335 2893; x_wconf 88' lang='lat' dir='ltr'>casum</span> <span class='ocrx_word' id='word_1_198' title='bbox 352 2853 399 2892; x_wconf 91' lang='lat' dir='ltr'>me</span> <span class='ocrx_word' id='word_1_199' title='bbox 417 2832 533 2892; x_wconf 85' lang='lat' dir='ltr'>fortuna</span> <span class='ocrx_word' id='word_1_200' title='bbox 554 2833 724 2903; x_wconf 85' lang='lat' dir='ltr'>demisisset,</span> <span class='ocrx_word' id='word_1_201' title='bbox 739 2842 771 2891; x_wconf 90' lang='lat' dir='ltr'>ut</span> <span class='ocrx_word' id='word_1_202' title='bbox 791 2841 841 2890; x_wconf 91' lang='lat' dir='ltr'>aut</span> <span class='ocrx_word' id='word_1_203' title='bbox 862 2830 989 2890; x_wconf 87' lang='lat' dir='ltr'>celeriter</span> <span class='ocrx_word' id='word_1_204' title='bbox 1010 2836 1178 2909; x_wconf 87' lang='lat' dir='ltr'>pollicendo</span> 
     </span>
     <span class='ocr_line' id='line_1_27' title="bbox 234 2929 1179 3011; baseline 0.002 -21"><span class='ocrx_word' id='word_1_205' title='bbox 234 2949 342 3008; x_wconf 84' lang='lat' dir='ltr'>magna</span> <span class='ocrx_word' id='word_1_206' title='bbox 354 2929 425 2989; x_wconf 90' lang='lat' dir='ltr'>mihi</span> <span class='ocrx_word' id='word_1_207' title='bbox 441 2931 504 3007; x_wconf 90' lang='lat' dir='ltr'>ipse</span> <span class='ocrx_word' id='word_1_208' title='bbox 526 2931 563 2990; x_wconf 94' lang='lat' dir='ltr'>ad</span> <span class='ocrx_word' id='word_1_209' title='bbox 583 2933 794 3008; x_wconf 89' lang='lat' dir='ltr'>proficiendum</span> <span class='ocrx_word' id='word_1_210' title='bbox 814 2930 1024 3006; x_wconf 89' lang='lat' dir='ltr'>impedimenta</span> <span class='ocrx_word' id='word_1_211' title='bbox 1049 2952 1179 3011; x_wconf 91' lang='lat' dir='ltr'>oppone·</span> 
     </span>
     <span class='ocr_line' id='line_1_28' title="bbox 236 3029 1179 3106; baseline -0.003 -15"><span class='ocrx_word' id='word_1_212' title='bbox 236 3048 296 3091; x_wconf 87' lang='lat' dir='ltr'>rem</span> <span class='ocrx_word' id='word_1_213' title='bbox 311 3039 367 3101; x_wconf 90' lang='lat' dir='ltr'>aut,</span> <span class='ocrx_word' id='word_1_214' title='bbox 383 3031 407 3088; x_wconf 90' lang='lat' dir='ltr'>si</span> <span class='ocrx_word' id='word_1_215' title='bbox 427 3031 457 3088; x_wconf 91' lang='lat' dir='ltr'>in</span> <span class='ocrx_word' id='word_1_216' title='bbox 472 3049 508 3089; x_wconf 86' lang='lat' dir='ltr'>eo</span> <span class='ocrx_word' id='word_1_217' title='bbox 523 3029 593 3088; x_wconf 90' lang='lat' dir='ltr'>mihi</span> <span class='ocrx_word' id='word_1_218' title='bbox 614 3032 856 3106; x_wconf 89' lang='lat' dir='ltr'>temperavissem,</span> <span class='ocrx_word' id='word_1_219' title='bbox 867 3029 991 3087; x_wconf 90' lang='lat' dir='ltr'>maiores</span> <span class='ocrx_word' id='word_1_220' title='bbox 1008 3035 1179 3093; x_wconf 85' lang='lat' dir='ltr'>occasiones</span> 
     </span>
     <span class='ocr_line' id='line_1_29' title="bbox 233 3126 1178 3205; baseline 0.002 -19"><span class='ocrx_word' id='word_1_221' title='bbox 233 3128 274 3205; x_wconf 73' lang='lat' dir='ltr'>ad</span> <span class='ocrx_word' id='word_1_222' title='bbox 288 3126 488 3204; x_wconf 86' lang='lat' dir='ltr'>opitulandum</span> <span class='ocrx_word' id='word_1_223' title='bbox 502 3127 647 3200; x_wconf 90' lang='lat' dir='ltr'>haberem,</span> <span class='ocrx_word' id='word_1_224' title='bbox 659 3127 819 3204; x_wconf 84' lang='lat' dir='ltr'>expeditius</span> <span class='ocrx_word' id='word_1_225' title='bbox 834 3128 887 3185; x_wconf 92' lang='lat' dir='ltr'>iter</span> <span class='ocrx_word' id='word_1_226' title='bbox 900 3130 1074 3188; x_wconf 90' lang='lat' dir='ltr'>communis</span> <span class='ocrx_word' id='word_1_227' title='bbox 1090 3131 1178 3190; x_wconf 83' lang='lat' dir='ltr'>salutis</span> 
     </span>
     <span class='ocr_line' id='line_1_30' title="bbox 237 3224 1178 3304; baseline 0.001 -20"><span class='ocrx_word' id='word_1_228' title='bbox 237 3243 325 3304; x_wconf 89' lang='lat' dir='ltr'>quam</span> <span class='ocrx_word' id='word_1_229' title='bbox 345 3243 428 3284; x_wconf 90' lang='lat' dir='ltr'>meae</span> <span class='ocrx_word' id='word_1_230' title='bbox 448 3227 539 3286; x_wconf 91' lang='lat' dir='ltr'>laudis</span> <span class='ocrx_word' id='word_1_231' title='bbox 561 3245 625 3286; x_wconf 89' lang='lat' dir='ltr'>esse</span> <span class='ocrx_word' id='word_1_232' title='bbox 646 3227 732 3285; x_wconf 91' lang='lat' dir='ltr'>volui.</span> <span class='ocrx_word' id='word_1_233' title='bbox 774 3225 852 3284; x_wconf 91' lang='lat' dir='ltr'>Nam</span> <span class='ocrx_word' id='word_1_234' title='bbox 871 3225 935 3301; x_wconf 91' lang='lat' dir='ltr'>quis</span> <span class='ocrx_word' id='word_1_235' title='bbox 956 3224 986 3281; x_wconf 89' lang='lat' dir='ltr'>in</span> <span class='ocrx_word' id='word_1_236' title='bbox 1004 3244 1043 3284; x_wconf 86' lang='lat' dir='ltr'>ea</span> <span class='ocrx_word' id='word_1_237' title='bbox 1059 3229 1178 3294; x_wconf 83' lang='lat' dir='ltr'>fortuna,</span> 
     </span>
     <span class='ocr_line' id='line_1_31' title="bbox 236 3322 1178 3400; baseline 0 -18"><span class='ocrx_word' id='word_1_238' title='bbox 236 3342 311 3399; x_wconf 86' lang='lat' dir='ltr'>quae</span> <span class='ocrx_word' id='word_1_239' title='bbox 325 3341 391 3380; x_wconf 88' lang='lat' dir='ltr'>mea</span> <span class='ocrx_word' id='word_1_240' title='bbox 405 3333 455 3392; x_wconf 85' lang='lat' dir='ltr'>est,</span> <span class='ocrx_word' id='word_1_241' title='bbox 471 3333 499 3381; x_wconf 88' lang='lat' dir='ltr'>et</span> <span class='ocrx_word' id='word_1_242' title='bbox 513 3326 551 3381; x_wconf 88' lang='lat' dir='ltr'>ab</span> <span class='ocrx_word' id='word_1_243' title='bbox 566 3343 600 3382; x_wconf 88' lang='lat' dir='ltr'>ea</span> <span class='ocrx_word' id='word_1_244' title='bbox 614 3326 679 3396; x_wconf 91' lang='lat' dir='ltr'>vita,</span> <span class='ocrx_word' id='word_1_245' title='bbox 694 3342 782 3400; x_wconf 88' lang='lat' dir='ltr'>quam</span> <span class='ocrx_word' id='word_1_246' title='bbox 802 3325 832 3380; x_wconf 91' lang='lat' dir='ltr'>in</span> <span class='ocrx_word' id='word_1_247' title='bbox 850 3342 898 3381; x_wconf 90' lang='lat' dir='ltr'>me</span> <span class='ocrx_word' id='word_1_248' title='bbox 913 3322 1071 3398; x_wconf 83' lang='lat' dir='ltr'>cognitam</span> <span class='ocrx_word' id='word_1_249' title='bbox 1094 3327 1178 3387; x_wconf 90' lang='lat' dir='ltr'>homi·</span> 
     </span>
     <span class='ocr_line' id='line_1_32' title="bbox 237 3418 1178 3496; baseline 0.005 -16"><span class='ocrx_word' id='word_1_250' title='bbox 237 3421 324 3480; x_wconf 85' lang='lat' dir='ltr'>nibus</span> <span class='ocrx_word' id='word_1_251' title='bbox 345 3418 473 3488; x_wconf 88' lang='lat' dir='ltr'>arbitror,</span> <span class='ocrx_word' id='word_1_252' title='bbox 488 3426 516 3476; x_wconf 87' lang='lat' dir='ltr'>et</span> <span class='ocrx_word' id='word_1_253' title='bbox 537 3437 603 3476; x_wconf 90' lang='lat' dir='ltr'>cum</span> <span class='ocrx_word' id='word_1_254' title='bbox 624 3438 660 3478; x_wconf 89' lang='lat' dir='ltr'>ea</span> <span class='ocrx_word' id='word_1_255' title='bbox 680 3438 739 3495; x_wconf 90' lang='lat' dir='ltr'>spe,</span> <span class='ocrx_word' id='word_1_256' title='bbox 755 3438 842 3496; x_wconf 91' lang='lat' dir='ltr'>quam</span> <span class='ocrx_word' id='word_1_257' title='bbox 864 3422 895 3479; x_wconf 92' lang='lat' dir='ltr'>in</span> <span class='ocrx_word' id='word_1_258' title='bbox 916 3421 1057 3480; x_wconf 88' lang='lat' dir='ltr'>manibus</span> <span class='ocrx_word' id='word_1_259' title='bbox 1083 3424 1178 3492; x_wconf 83' lang='lat' dir='ltr'>habeo,</span> 
     </span>
    </p>
   </div>
   <div class='ocr_carea' id='block_1_9' title="bbox 0 0 1231 3836">
    <p class='ocr_par' dir='ltr' id='par_1_9' title="bbox 0 0 1231 3836">
     <span class='ocr_line' id='line_1_33' title="bbox 0 0 1231 3836; baseline 0 0"><span class='ocrx_word' id='word_1_260' title='bbox 0 0 1231 3836; x_wconf 95' lang='lat' dir='ltr'> </span> 
     </span>
    </p>
   </div>
  </div>
 </body>
</html>
