2432 3844
45 233 100 292 ap.
121 216 174 300 ῃ]
263 227 376 277 uersu.
400 227 840 302 ADQUJNT.FRAT.11.3.
963 219 1001 281 61

42 405 124 446 rum
145 386 335 445 offenderem.
378 385 438 446 Res
462 387 493 444 in
515 397 664 463 postemm
686 386 773 446 dilata
797 397 860 460 est;
883 387 1003 450 Clodius

42 487 83 542 in
98 485 260 558 Quirinalia
274 485 400 560 prodixit
415 486 501 543 diem.
538 504 564 560 3.
586 485 622 544 A.
636 486 662 544 d.
677 504 713 544 vr.
729 486 772 544 Id.
787 486 870 546 Febr.
886 500 1003 549 senatus

42 585 94 642 ad
123 584 270 660 Apollinis
298 584 359 655 fuit,
387 595 419 642 ut
443 584 601 661 Pompeius
626 585 749 643 adesset.
792 585 867 644 Acta
889 606 935 646 res
960 602 1004 648 est

42 684 182 759 graviter
199 702 217 740 a
238 683 389 758 Pompeio.
431 682 477 741 Eo
499 685 545 741 die
566 683 636 741 nihil
653 684 813 759 perlectum
835 694 885 743 est.
926 688 963 745 A.
976 688 1003 746 d.

41 801 77 840 v.
102 783 148 840 Id.
166 782 251 840 Febr.
273 782 311 840 ad
332 782 476 858 Apollinis
493 792 610 840 senatus
632 784 796 842 consultum
815 785 924 842 lactum
949 797 1002 859 est,

42 900 98 952 ea,
122 901 200 959 quae
228 881 305 940 facta
331 891 430 940 essent
455 900 480 940 a.
499 881 526 939 d.
555 901 593 940 vn
618 881 661 939 ld.
690 882 783 952 Febr,
812 893 914 941 contra
940 903 1003 944 rem

41 983 205 1058 publicam
234 1000 298 1040 esse
325 981 409 1040 facta.
451 979 497 1038 Eo
526 981 573 1040 die
601 979 675 1039 Cato
700 981 884 1040 vehementer
909 984 1004 1041 estin

43 1081 234 1158 Pompeium
254 1081 384 1138 invectus
406 1089 434 1138 et
455 1098 523 1137 eum
543 1080 673 1138 oratione
694 1090 834 1156 perpetua
854 1089 1003 1157 tamquam

41 1199 139 1239 reum
154 1180 301 1238 accusavit
309 1199 316 1251 ;
339 1179 375 1236 de
392 1198 440 1237 me
457 1178 548 1237 mirlta
561 1197 608 1236 me
623 1179 712 1236 invito
728 1199 795 1238 eum
809 1198 875 1238 mea
889 1199 1003 1238 summa

40 1279 142 1338 laude
160 1278 248 1336 dixit:
270 1296 337 1336 cum
352 1278 426 1336 illius
440 1278 470 1334 in
482 1295 528 1334 me
543 1278 694 1353 perfidiam
709 1279 876 1354 increparet,
889 1280 1003 1338 auditus

43 1390 97 1436 est
111 1395 226 1453 magno
241 1377 354 1435 silentio
369 1376 586 1435 malevolorum.
628 1376 793 1453 Respondit
807 1378 833 1436 ei
847 1378 1003 1437 vehemen-

44 1488 95 1536 ter
120 1477 279 1552 Pompeius
301 1475 496 1551 Crassumque
516 1465 678 1552 descripsit,
701 1477 829 1552 dixitque
851 1487 950 1552 aperte
972 1496 1003 1536 se

44 1576 244 1634 munitiorem
271 1574 310 1632 ad
336 1575 558 1634 custodiendam
586 1576 673 1633 vitam
705 1594 787 1634 suam
815 1575 886 1648 fore,
914 1595 1003 1653 quam

45 1675 211 1732 Africanus
225 1674 334 1744 suisset,
349 1692 438 1750 quem
453 1672 486 1732 C.
502 1672 599 1732 Carbo
615 1674 814 1732 interemisset.
851 1692 878 1745 4.
900 1675 1003 1751 Itaque

45 1791 183 1849 magnae
202 1772 273 1830 mihi
287 1791 333 1831 res
346 1774 405 1830 iam
421 1773 530 1830 moveri
544 1773 732 1832 videbantur:
754 1792 823 1830 nam
845 1773 1003 1850 Pompeius

45 1873 127 1931 haec
148 1871 288 1947 intellegit
308 1872 521 1947 nobiscumque
549 1873 753 1944 communicat,
783 1872 902 1930 insidias
928 1875 1003 1931 vitae

46 1990 124 2030 suae
144 1970 215 2041 fieri,
235 1970 268 2028 C.
284 1970 429 2029 Catonem
449 1988 467 2027 a
487 1969 594 2029 Crasso
614 1971 774 2041 sustentari,
790 1970 896 2029 Clodio
914 1989 1001 2047 pecu-

46 2072 133 2128 niam
166 2070 350 2145 suppeditari,
382 2079 536 2144 utrumque
564 2079 592 2126 et
620 2071 657 2127 ab
684 2087 721 2126 eo
750 2076 781 2127 et
816 2087 833 2126 a
864 2068 1001 2136 Curione,

47 2169 161 2245 Bibulo
190 2169 350 2244 ceterisque
372 2169 431 2226 suis
453 2168 692 2226 obtrectatoribus
721 2167 893 2237 confirmari,
915 2167 1001 2224 vehe-

46 2277 168 2325 menter
189 2285 253 2324 esse
274 2267 487 2342 providendum
500 2284 537 2324 ne
553 2267 734 2341 opprimatur
748 2265 932 2324 contionario
954 2265 1003 2323 illo

48 2365 196 2442 populoa
210 2383 241 2423 se
256 2382 348 2441 prope
362 2365 498 2434 alienat0,
513 2365 661 2422 nobilitate
676 2364 802 2434 inimica,
823 2381 884 2421 non
906 2381 1001 2439 aequo

48 2475 166 2534 senatu,
181 2464 326 2522 iuventute
345 2465 488 2540 improba.
530 2462 632 2539 Itaque
649 2480 680 2520 se
695 2471 853 2537 comparat,
869 2461 1003 2520 homines

48 2583 89 2622 ex
111 2563 189 2638 agris
208 2563 344 2635 arcessit;
366 2580 470 2638 operas
491 2572 587 2619 autem
608 2579 675 2620 suas
690 2560 810 2619 Clodius
830 2560 999 2620 confirmat:

48 2679 159 2719 manus
179 2661 217 2718 ad
231 2661 393 2732 Quirinalia
412 2670 548 2737 paratur;
570 2661 601 2717 in
622 2678 658 2717 eo
681 2660 771 2717 multo
794 2677 894 2717 sumus
913 2677 1000 2735 supe-

48 2761 144 2817 riores
157 2760 248 2836 ipsius
263 2760 373 2835 copiis;
396 2769 425 2818 et
443 2777 552 2834 magna
566 2776 671 2816 manus
686 2776 721 2815 ex
737 2758 845 2816 Piceno
860 2767 889 2816 et
904 2757 1000 2816 Gallia

49 2867 245 2933 exspectatur,
266 2868 297 2916 ut
318 2858 404 2916 etiam
426 2856 547 2916 Catonis
568 2857 767 2932 rogationibus
788 2857 824 2914 de
838 2856 949 2915 Milone
972 2866 1002 2914 et

50 2957 179 3014 Lentulo
199 2945 373 3016 resistamus
418 2970 443 3028 5.
459 2955 496 3014 A.
512 2955 539 3014 d.
559 2974 611 3013 nn.
633 2955 703 3013 Idus
725 2955 809 3014 Febr.
832 2955 942 3013 Sestius
963 2956 1001 3012 ab

52 3055 149 3113 indice
164 3053 219 3113 Cn.
234 3054 324 3113 Nerio
339 3055 464 3130 Pupinia
477 3054 603 3113 ambitus
617 3064 661 3112 est
675 3053 837 3130 postulatus
852 3064 880 3111 et
895 3053 1008 3116 eodem.

53 3155 102 3213 die
122 3172 140 3211 a
160 3155 290 3230 quodam
312 3154 354 3212 M.
371 3153 469 3212 Tullio
490 3152 526 3211 de
545 3153 580 3210 vi.
624 3152 654 3212 Is
674 3163 734 3211 erat
753 3171 855 3228 aeger:
879 3153 1001 3210 domum

55 3266 88 3312 ut
117 3255 278 3325 debuimus,
308 3253 345 3311 ad
374 3271 441 3311 eum
463 3252 561 3310 statim
580 3252 712 3309 venimus
734 3252 819 3326 eique
840 3268 896 3309 nos
923 3259 1003 3308 totos

56 3351 237 3423 tradidimus,
261 3353 348 3429 idque
374 3351 496 3410 fecimus
517 3359 630 3426 praeter
651 3349 803 3406 hominum
824 3348 1006 3425 opinionem,

59 3453 108 3527 qui
136 3468 193 3509 nos
221 3450 247 3510 ei
275 3451 335 3508 iure
365 3467 534 3509 succensere
563 3450 712 3525 putabant,
746 3457 778 3505 ut
804 3445 1007 3505 humanissimi
