2454 3842
218 239 278 306 132
496 231 534 282 tr.
560 231 678 288 ruturr
699 232 888 288 cressonis
1034 220 1103 288 [aas
1118 234 1157 280 111.

1034 289 1050 302 h

214 400 420 453 convenerunt.
465 411 491 449 a.
513 390 581 464 Qua
595 409 626 450 re
641 391 679 450 da
693 409 822 467 operam,
837 391 861 450 si
875 390 933 450 ulla
947 391 1063 451 ratione
1077 393 1157 450 etiam

214 508 292 548 nunc
317 489 429 549 efficere
453 500 547 565 potes,
570 501 601 550 ut
625 500 654 549 te
677 490 814 566 explices,
839 489 896 548 huc
921 507 1011 564 quam
1037 489 1158 565 primum

214 589 322 660 venias,
336 597 403 648 ante
422 595 510 664 quarn
532 607 635 648 omnes
657 589 759 666 copiae
780 589 821 646 ad
838 588 1035 648 adversarium
1058 606 1158 648 conve·

213 687 312 759 niant;
343 705 439 763 neque
462 688 540 746 enirn
563 688 691 749 celeriter
712 705 749 746 ex
772 685 922 746 dilectibus
943 686 1002 747 huc
1026 686 1158 744 homines

122 783 128 796 '
214 785 367 844 convenire
387 795 519 862 possunt,
541 795 578 857 et,
602 787 626 845 si
647 787 842 856 convenirent,
862 794 1005 860 quantum
1025 786 1064 844 iis
1085 803 1159 844 com-

213 884 386 946 mittendum
409 885 452 955 sit,
475 884 524 960 qui
547 884 621 945 inter
642 902 673 942 se
695 902 732 942 ne
753 884 815 942 noti
836 884 941 957 quedem
963 893 1041 954 sunt,
1065 893 1160 944 contra
1221 943 1222 946 ,

213 992 362 1042 veteranas
375 982 507 1058 legiones
521 1000 582 1040 non
596 991 625 1040 te
639 982 781 1058 praeterit.

391 1145 438 1198 52.
480 1138 538 1198 AD
559 1138 813 1198 FAMILIARES
835 1138 917 1197 XVI.
943 1157 988 1197 12.

303 1253 368 1314 Scn.
391 1253 512 1313 Cnsunn
533 1274 572 1313 1v.
593 1252 671 1314 Knu,
694 1253 879 1312 Fnsnunnrns
900 1271 983 1314 nuc.
1009 1266 1024 1327 7
1051 1268 1079 1330 5.

476 1380 601 1421 ruamus
622 1379 643 1419 s.
665 1380 693 1419 n.
715 1379 816 1420 amour
838 1378 900 1419 suo.

257 1495 280 1534 1.
303 1474 374 1546 Quo
394 1476 424 1533 in
445 1476 609 1538 discrimine
631 1485 759 1538 versetur
780 1475 857 1538 salus
878 1494 944 1538 mea
965 1486 995 1536 et
1016 1477 1160 1538 bonorum

211 1574 344 1632 omnium
364 1584 450 1650 atque
470 1577 620 1637 universae
641 1575 681 1634 rei
700 1574 840 1651 publicae,
856 1592 893 1632 ex
914 1592 950 1632 eo
972 1575 1047 1633 scire
1070 1587 1160 1651 potes,

212 1672 291 1748 quod
307 1673 412 1731 domos
426 1682 540 1733 nostras
559 1683 588 1734 et
605 1673 727 1750 patriam
741 1674 835 1749 ipsam
849 1672 894 1731 vel
908 1672 1105 1748 diripiendam
1119 1674 1160 1732 vel

211 1770 452 1830 inflammandam
480 1772 667 1850 reliquimus:
700 1772 731 1830 in
755 1790 822 1830 cum
846 1771 944 1830 locum
967 1791 1014 1830 res
1037 1772 1162 1832 deducta

211 1877 263 1939 est,
278 1879 317 1941 ut,
332 1869 387 1934 nisi
401 1870 451 1946 qui
465 1871 537 1932 deus
551 1871 596 1930 vel
609 1889 694 1930 casus
712 1870 798 1947 aliqui
821 1869 992 1940 subvenerit,
1009 1870 1082 1930 salvi
1099 1890 1160 1930 esse

211 1985 399 2043 nequeamus.
443 1987 468 2027 a.
490 1969 646 2045 Equidem,
664 1979 696 2031 ut
715 1969 780 2028 veni
800 1968 839 2030 ad
857 1968 967 2038 urbem,
982 1985 1045 2028 non
1069 1971 1161 2030 destiti

211 2067 310 2124 omnia
324 2075 353 2124 et
367 2066 472 2126 sentire
487 2076 515 2125 et
533 2066 629 2126 dicere
649 2076 677 2125 et
698 2065 802 2138 lacere,
817 2083 892 2150 quae
911 2066 949 2123 ad
971 2069 1161 2127 concordiam

210 2166 407 2241 pertinerent,
430 2165 483 2223 sed
497 2166 587 2223 mirus
602 2165 745 2224 invaserat
760 2163 838 2222 iuror
852 2181 914 2221 non
935 2163 1031 2221 solum
1052 2166 1162 2243 impro-

210 2262 263 2334 bis,
280 2262 332 2330 sed
347 2263 435 2321 etiam
450 2262 484 2321 iis
499 2262 548 2338 qui
565 2263 636 2320 boni
651 2261 792 2320 habentur
809 2271 841 2320 ut
859 2279 991 2337 pugnare
1010 2275 1162 2338 cuperent,

209 2377 257 2418 me
272 2360 415 2422 clamante
429 2360 500 2420 nibil
516 2377 580 2420 esse
601 2359 678 2418 bello
697 2359 772 2419 civili
790 2359 931 2417 miserius.
974 2357 1079 2435 Itaque
1096 2381 1162 2421 cum

210 2457 320 2518 Caesar
348 2458 475 2519 amentia
503 2458 630 2534 quadarn
657 2466 803 2533 raperetur
831 2466 859 2514 et
894 2457 1000 2515 oblitus
1032 2461 1162 2518 nominis

210 2565 296 2632 atque
317 2556 463 2616 honorum
484 2573 604 2615 suorum
625 2552 798 2626 Ariminum,
818 2554 978 2627 Pisaurum,
993 2555 1163 2629 Anconam,

209 2652 355 2712 Arretium
377 2655 585 2730 occupavisset,
605 2654 708 2711 urbem
729 2653 912 2729 reliquimus3
935 2672 1024 2730 quam
1047 2659 1165 2733 sapien-

209 2760 252 2809 ter
268 2761 316 2810 aut
331 2769 420 2828 quam
434 2752 553 2824 fortiter,
573 2751 644 2809 nihil
665 2751 766 2810 attinet
786 2752 944 2828 disputari;
965 2769 1026 2828 quo
1041 2755 1166 2828 quidem

209 2848 240 2909 in
257 2867 327 2908 casu
346 2851 446 2921 simus,
462 2851 550 2910 vides.
595 2871 621 2926 3.
664 2850 807 2909 Feruntur
828 2849 949 2908 omnino
968 2851 1166 2912 condiciones

208 2947 245 3005 ab
259 2947 316 3018 illo,
331 2957 363 3005 ut
377 2947 536 3025 Pompeius
556 2958 603 3007 eat
618 2949 648 3006 in
663 2947 856 3024 Hispaniam3
879 2947 1008 3019 dilectus,
1025 2951 1076 3026 qui
1097 2962 1167 3012 sunt

209 3045 308 3116 habiti,
337 3055 365 3104 et
393 3047 538 3122 praesidia
568 3056 668 3106 nostra
704 3047 898 3119 dimittantur3
934 3063 965 3104 se
994 3045 1166 3107 ulteriorem

209 3141 334 3202 Galliam
368 3143 507 3216 Domitio,
542 3145 702 3205 citeriorem
738 3144 879 3204 Considio
915 3143 1167 3204 Noniano-bis

209 3241 288 3300 enim
309 3243 709 3318 obtigerunt-traditurum
742 3243 779 3302 ad
801 3242 967 3302 consulatus
988 3244 1167 3319 petitionem

209 3357 240 3408 se
261 3351 423 3413 venturum,
438 3359 531 3416 neque
547 3358 578 3400 se
598 3341 656 3398 iam
670 3340 741 3399 velle
761 3342 881 3399 absente
901 3358 932 3399 se
952 3341 1100 3401 rationem
1114 3343 1167 3402 ha-

209 3437 269 3525 beri
290 3455 388 3508 suam3
422 3455 453 3496 se
477 3446 659 3512 praesentem
678 3437 784 3494 trinum
806 3437 969 3504 nundinum
993 3439 1167 3514 petiturum.
