2452 3842
58 228 94 290 rp.
107 226 143 292 7⁶,
157 209 211 302 tt]
258 226 371 276 arrsr.
393 230 443 276 An
464 213 688 278 FAMILIARES
708 231 757 281 rx.
774 237 803 304 9.
930 229 990 299 175

56 377 174 437 officium
192 379 345 456 neglexisti
364 398 461 456 neque
479 380 550 438 mihi
571 381 749 440 consuluisti.
791 380 896 458 Neque
918 381 991 438 haec

57 477 125 549 dico,
145 479 226 554 quod
248 478 376 537 diffidam
396 480 463 539 huic
484 498 597 549 causae,
620 481 672 540 sed
693 481 778 540 crede
799 479 877 551 mihi,
899 480 991 555 perire

56 576 138 634 satius
161 586 205 635 est
225 594 315 653 quarn
338 578 393 636 hos
414 578 517 636 videre.
567 598 593 638 2.
618 577 709 650 Quod
731 579 755 637 si
775 579 862 637 timor
881 587 992 639 vestrae

54 674 223 734 crudelitatis
244 692 306 732 non
327 685 410 746 esset,
432 676 515 734 eiecti
535 677 594 734 iam
614 676 727 752 pridem
748 675 816 734 hinc
840 693 991 747 essemus;

54 792 119 831 nam
132 774 179 832 hic
192 793 271 834 nunc
286 785 399 852 praeter
412 775 605 835 faeneratores
624 795 736 852 paucos
753 795 808 834 nec
827 775 918 834 homo
937 795 992 836 nec

53 871 124 929 ordo
135 872 288 952 quisquam
303 883 347 931 est
361 873 421 932 nisi
430 872 635 949 Pompeianus.
670 872 815 951 Equidem
829 874 888 932 iam
899 874 992 946 effeci,

54 979 84 1027 ut
98 971 224 1028 maxime
238 971 321 1048 plebs
336 982 373 1042 et,
387 972 438 1047 qui
457 982 543 1030 antea
561 982 661 1031 noster
679 971 740 1042 fuit,
755 972 881 1050 populus
900 980 993 1031 vester

53 1077 136 1126 esset.
169 1066 246 1126 ‘Cur
260 1068 317 1127 hoc
326 1068 350 1126 i'
363 1070 467 1146 inquis.
510 1068 607 1128 Immo
621 1069 731 1146 reliqua
745 1078 910 1146 exspectate
918 1091 926 1143 ;
941 1088 993 1129 vos

52 1167 155 1224 invitos
176 1166 289 1225 vincere
315 1186 449 1244 coegero.
496 1166 600 1226 Geram
622 1169 742 1226 alterum
762 1187 811 1227 me
833 1167 994 1228 Catonem:

52 1282 105 1322 vos
119 1263 258 1335 dormitis
270 1284 365 1341 neque
380 1265 475 1324 adhuc
489 1266 560 1324 mihi
570 1266 707 1325 videmini
720 1265 894 1342 intellegere,
906 1284 994 1343 quam

52 1380 109 1420 nos
123 1370 274 1438 pateamus
288 1374 318 1423 et
332 1382 421 1440 quam
435 1365 525 1423 simus
540 1364 683 1423 imbecilli.
711 1365 808 1442 Atque
822 1366 879 1424 hoc
891 1366 995 1424 nullius
1032 1423 1036 1430 .

52 1461 174 1538 praemii
196 1480 247 1538 spe
268 1462 382 1535 faciam,
399 1464 459 1533 sed,
474 1464 555 1539 quod
576 1463 654 1538 apud
675 1482 723 1522 me
744 1465 900 1540 plurimum
922 1465 996 1523 solet

51 1559 156 1630 valere,
167 1558 274 1618 doloris
289 1569 375 1636 atque
390 1555 567 1636 indignitatis
582 1579 677 1620 causa.
713 1561 793 1636 Quid
807 1563 870 1622 istic
884 1562 997 1622 facitis?

52 1666 198 1743 proelium
219 1668 399 1743 exspectatis
414 1667 495 1743 quod
515 1667 711 1726 firmissimum
730 1668 836 1728 habet?
878 1669 997 1729 Vestras

52 1765 156 1842 copias
178 1783 238 1824 non
259 1767 343 1838 novi3
365 1766 457 1824 nostri
476 1765 559 1825 valde
578 1767 745 1844 depugnare
760 1777 789 1826 et
803 1768 886 1828 facile
900 1769 998 1845 algere

52 1875 82 1923 et
97 1865 205 1923 esurire
219 1874 404 1924 consuerunt.
991 1887 992 1890 ¹

271 2027 318 2083 rr.
347 2023 404 2080 An
422 2022 673 2082 rusticianus
693 2023 745 2082 ur.
762 2045 789 2099 9.

236 2139 301 2201 Scn.
317 2140 427 2200 Rounr
448 2159 542 2200 urusu
564 2139 648 2200 Mmo
669 2160 752 2200 noc.
771 2143 838 2219 706.

322 2265 495 2307 nonnarum
515 2266 537 2306 s.
552 2266 579 2306 o.
595 2265 737 2308 ercnuour.

101 2384 127 2422 1.
151 2361 179 2420 S.
197 2381 222 2420 v.
237 2381 264 2421 o.
279 2381 307 2424 v.
322 2371 350 2420 et
368 2361 464 2422 Tullia
485 2372 585 2421 nostra
605 2372 682 2421 recte
703 2382 727 2421 v.
748 2362 885 2422 Terentia
906 2363 1002 2421 minus

49 2463 134 2522 belle
148 2462 256 2533 habuit,
269 2461 320 2521 sed
334 2471 445 2521 certum
460 2461 520 2520 scio
535 2462 593 2518 iam
608 2461 788 2520 convaluisse
798 2479 873 2520 eam.
915 2461 1002 2519 Prae-

48 2574 138 2622 terea
151 2561 309 2619 rectissime
324 2570 391 2618 sunt
405 2561 484 2637 apud
498 2569 526 2618 te
545 2560 652 2618 omnia.
693 2559 755 2618 Etsi
775 2560 854 2618 nullo
873 2569 1004 2635 tempore

48 2665 87 2722 in
114 2660 307 2736 suspitionem
331 2659 383 2717 tibi
408 2659 494 2717 debui
518 2659 615 2717 venire
640 2659 764 2735 partium
792 2676 880 2717 causa
907 2659 1004 2737 potius

49 2775 150 2836 quam
174 2768 224 2817 tua
247 2758 298 2816 tibi
323 2756 451 2829 suadere,
473 2766 504 2814 ut
528 2765 557 2814 te
582 2766 631 2814 aut
658 2773 726 2814 cum
754 2755 878 2815 Caesare
907 2757 1004 2814 nobis-

49 2874 187 2932 cumque
202 2857 395 2931 coniungeres
410 2864 459 2914 aut
473 2863 551 2914 certe
565 2853 595 2912 in
610 2854 702 2912 otium
712 2853 840 2924 referres,
850 2856 1004 2931 praecipue

50 2975 140 3016 nunc
160 2957 219 3014 iam
236 2955 372 3014 inclinata
390 2955 517 3025 victoria,
532 2972 569 3011 ne
588 2971 710 3029 possum
729 2953 848 3029 quidem
867 2954 896 3010 in
918 2953 1004 3010 ullam

51 3055 149 3115 aliam
163 3054 291 3112 incidere
305 3052 476 3131 opinionem
494 3051 549 3110 nisi
564 3052 598 3109 'in
618 3069 696 3121 eam,¹
707 3051 737 3108 in
752 3069 809 3127 qua
828 3051 937 3110 scilicet
956 3053 1006 3110 tibi

49 3151 184 3214 suadere
198 3151 304 3222 videar,
320 3151 401 3227 quod
415 3151 462 3228 pie
476 3159 571 3208 tacere
585 3166 646 3207 non
660 3149 787 3224 possim:
803 3158 835 3206 tu
849 3157 954 3218 autem,
966 3149 1007 3205 mi

50 3250 178 3319 Cicero,
188 3248 229 3307 sic
243 3248 316 3308 haec
331 3249 464 3324 accipies,
475 3257 514 3317 ut,
525 3247 584 3305 sive
598 3247 797 3323 probabuntur
807 3246 859 3304 tibi
873 3247 932 3304 sive
946 3264 1007 3304 non

47 3347 273 3427 probabuntur,
285 3347 324 3405 ab
337 3347 450 3423 optimo
465 3355 542 3404 certe
558 3346 655 3403 animo
671 3363 705 3403 ac
720 3344 900 3403 deditissimo
915 3344 965 3402 tibi
980 3352 1008 3401 et

47 3445 192 3522 cogitata
220 3455 248 3506 et
277 3445 381 3522 scripta
409 3463 473 3504 esse
500 3443 617 3503 iudices
669 3463 694 3501 2.
720 3442 931 3502 Animadvertis
953 3439 1007 3500 Cn.
