2452 3842
61 263 102 323 sp.
116 247 169 331 qr]
298 260 412 310 arrsr.
434 259 484 310 aa
505 259 669 312 Arrroon
688 263 722 312 x.
746 249 774 312 8.
944 250 1007 329 167

58 399 133 469 inter
144 428 200 469 nos
212 411 355 470 scribendi
366 412 427 471 fieri
438 421 553 489 tempus
564 431 641 487 esse;
657 411 718 486 sed,
730 433 798 473 cum
809 411 847 473 ad
857 429 904 472 me
919 431 1007 491 saepe

58 528 127 568 mea
142 508 239 568 Tullia
259 510 365 569 scribat
378 528 474 576 orans,
488 521 520 570 ut
534 513 605 588 quid
618 514 649 570 in
664 512 809 589 Hispania
829 520 945 589 geratur
958 531 1007 572 ex-

59 617 200 684 spectem,
214 617 244 666 et
264 626 379 685 semper
399 608 543 668 adscribat
563 611 642 670 idem
656 611 745 670 videri
766 609 816 669 tibi
837 611 925 688 idque
944 611 1007 687 ipse

59 707 148 765 etiam
159 724 196 764 ex
206 707 263 765 tuis
271 704 369 765 litteris
380 707 576 780 intellexerim,
586 727 648 768 non
658 720 729 786 puto
741 728 805 768 esse
820 708 945 768 alienum
959 727 1008 766 me

59 805 100 863 ad
114 813 151 876 te,
163 803 233 880 quid
248 803 284 862 de
299 821 334 862 ea
347 822 377 863 re
392 805 526 878 sentiam,
537 807 670 865 scribere.
716 827 741 866 a.
758 806 919 866 Consilium
931 805 1009 864 istud

59 913 132 960 tunc
152 912 229 960 esset
248 903 385 978 prudens,
399 913 432 962 ut
446 903 516 962 mihi
530 904 650 976 videtur,
662 904 686 964 si
700 915 814 964 nostras
830 904 957 963 rationes
971 903 1009 963 ad

60 1000 291 1077 Hispaniensem
306 1019 407 1060 casum
421 999 670 1062 accommodaturi
685 1021 831 1075 essemus;
853 1002 934 1080 quod
948 1001 1010 1060 fieri

60 1100 179 1175 nequit;
201 1117 321 1158 necesse
334 1109 380 1158 est
393 1101 472 1158 enim
486 1112 542 1172 aut,
554 1101 584 1160 id
598 1100 678 1177 quod
691 1101 820 1160 maxime
833 1101 928 1172 velim,
939 1099 1009 1175 pelli

60 1201 150 1259 istum
164 1200 202 1258 ab
213 1199 366 1276 Hispania,
377 1208 426 1258 aut
439 1179 519 1258 trahi*
527 1199 557 1258 id
571 1200 687 1273 bellum,
699 1210 748 1260 aut
761 1201 858 1271 istum,
872 1208 905 1258 ut
918 1199 1009 1258 confi·

61 1301 131 1358 dere
148 1297 267 1369 videtur,
281 1298 498 1374 apprehendere
513 1297 681 1375 Hispanias.
726 1299 757 1358 Si
776 1298 906 1376 pelletur,
921 1315 1010 1374 quam

60 1407 161 1475 gratus
180 1406 229 1456 aut
248 1413 337 1474 quam
351 1397 492 1456 honestus
511 1407 574 1454 tum
593 1399 646 1456 erit
665 1398 702 1457 ad
716 1397 890 1474 Pompeium
911 1407 1012 1456 noster

61 1497 212 1567 adventus,
227 1514 294 1554 cum
314 1495 410 1571 ipsum
425 1494 583 1554 Curionem
603 1497 641 1555 ad
660 1515 728 1555 eum
749 1497 937 1555 transiturum
956 1513 1010 1572 pu·

61 1596 142 1656 tem?
165 1594 190 1652 si
210 1594 329 1652 trahitur
349 1593 466 1665 bellum,
480 1594 552 1670 quid
572 1605 740 1671 exspectem
761 1604 811 1653 aut
828 1613 919 1671 quam
938 1595 1009 1653 diu?

62 1693 240 1771 relinquitur,
259 1701 299 1764 ut,
321 1693 345 1751 si
366 1693 507 1751 vincimur
526 1693 557 1750 in
578 1691 733 1771 Hispania,
755 1693 959 1769 quiescamus:
981 1691 1011 1752 id

63 1811 121 1869 ego
141 1802 243 1850 contra
261 1800 349 1868 puto;
370 1789 459 1852 istum
476 1791 555 1850 enim
568 1791 708 1850 victorem
728 1792 823 1867 magis
843 1792 1009 1868 relinquen·

63 1894 136 1951 dum
164 1900 235 1967 puto
265 1907 356 1966 quam
383 1890 492 1949 victum
521 1897 552 1949 et
584 1890 766 1950 dubitantem
796 1890 891 1966 magis
921 1903 1011 1966 quam

63 1991 206 2050 fidentem
229 1989 288 2048 suis
312 1991 408 2048 rebus.
450 1988 529 2046 Nam
552 1989 673 2048 caedem
694 1988 787 2060 video,
809 1986 834 2047 si
853 1988 961 2057 vicerit,
982 1996 1012 2046 et

65 2093 207 2166 impetum
228 2088 258 2145 in
278 2088 454 2164 privatorum
472 2088 610 2163 pecunias
631 2095 661 2145 et
682 2085 814 2144 exsulum
835 2085 960 2143 reditum
982 2095 1011 2142 et
1075 2077 1077 2082 ’

65 2187 179 2247 tabulas
197 2203 288 2245 novas
307 2196 336 2244 et
354 2186 588 2264 turpissimorum
606 2185 735 2243 honores
757 2195 786 2242 et
806 2200 930 2259 regnum
950 2199 1012 2241 non

67 2284 159 2346 modo
180 2283 316 2343 Romano
338 2283 460 2354 homini,
475 2283 528 2342 sed
548 2302 586 2342 ne
605 2281 712 2342 Persae
733 2281 854 2359 quidem
874 2281 1012 2356 cuiquam

66 2383 221 2445 tolerabile.
266 2402 291 2458 3.
315 2381 419 2442 Tacita
438 2400 502 2440 esse
517 2383 622 2459 poterit
635 2381 793 2456 indignitas
811 2379 930 2439 nostra?
951 2377 1013 2456 pati

67 2491 205 2561 poterunt
224 2481 301 2540 oculi
321 2498 371 2539 me
397 2499 465 2539 cum
491 2479 619 2539 Gabinio
644 2479 817 2540 sententiam
839 2478 955 2537 dicere?
983 2490 1014 2537 et

67 2580 187 2659 quidem
209 2579 289 2638 illum
311 2576 408 2654 rogari
430 2579 532 2655 prius?
553 2588 669 2655 praesto
690 2596 754 2638 esse
775 2578 909 2637 clientem
929 2587 1012 2636 tuum

68 2679 230 2740 Clodium?
271 2677 306 2738 C.
318 2677 395 2736 Ateii
406 2675 606 2752 Plaguleium?
647 2679 779 2736 ceteros?
821 2676 881 2735 Sed
895 2693 946 2734 cur
960 2675 1015 2733 ini·

68 2780 163 2838 micos
184 2777 298 2853 colligo,
314 2777 364 2853 qui
384 2793 468 2834 meos
489 2776 670 2834 necessarios
692 2793 710 2832 a
730 2793 777 2833 me
800 2773 937 2833 defensos
958 2792 1014 2833 nec

67 2878 166 2937 videre
194 2877 225 2934 in
249 2876 329 2934 curia
353 2874 414 2933 sine
440 2873 541 2932 dolore
566 2891 622 2932 nec
644 2874 751 2932 versari
774 2873 922 2932 intereos
950 2873 1015 2930 sine

68 2977 213 3038 dedecore
232 2975 357 3052 potero?
379 2972 457 3049 quid,
478 2972 502 3030 si
520 2990 558 3030 ne
576 2972 607 3030 id
622 2972 741 3047 quidem
761 2981 805 3030 est
821 2972 1015 3046 exploratum,

69 3077 140 3145 sore,
154 3084 187 3132 ut
203 3073 274 3132 mihi
291 3071 544 3131 liceat-scribunt
563 3070 641 3128 enim
659 3069 696 3128 ad
717 3087 764 3127 me
781 3069 867 3127 amici
886 3070 947 3128 eius
966 3087 1014 3126 me

68 3176 108 3234 illi
128 3173 209 3232 nullo
228 3171 320 3230 modo
337 3169 531 3240 satisfecisse,
547 3168 628 3245 quod
646 3167 678 3226 in
697 3176 830 3226 senatum
850 3185 912 3225 non
928 3185 1015 3225 vene·

67 3275 174 3344 rim—,
189 3282 327 3330 tamenne
341 3269 506 3328 dubitemus
522 3285 560 3325 an
576 3265 604 3324 ei
623 3283 679 3324 nos
697 3265 785 3324 etiam
804 3284 872 3324 curn
886 3263 1017 3342 periculo

68 3372 261 3440 venditemus,
282 3369 401 3445 quicum
422 3365 570 3426 coniuncti
595 3381 633 3422 ne
655 3381 724 3423 cum
744 3364 875 3440 praemio
897 3362 1016 3440 quidem

66 3471 213 3531 voluimus
228 3471 313 3528 esse?
355 3488 383 3540 4.
405 3465 521 3524 Deinde
541 3465 598 3524 hoc
617 3462 691 3536 vide,
711 3480 772 3522 non
792 3480 857 3521 esse
877 3460 1016 3520 iudicium
