2454 3842
205 229 246 294 80
475 237 513 294 n.
538 239 661 288 Turni]
681 235 869 288 crosnonrs
1031 221 1107 306 [rm
1125 237 1156 283 rr.

206 391 275 450 illud
298 391 416 468 quidem
441 401 517 450 certe
545 399 676 450 nostrum
700 389 854 449 consilium
880 387 943 445 iure
970 385 1156 445 laudandum

206 500 258 560 est,
286 490 335 566 qui
363 508 446 548 meos
473 490 549 548 cives
576 499 606 548 et
630 507 648 546 a
674 507 722 547 me
747 496 934 546 conservatos
963 495 992 544 et
1015 503 1065 543 me
1096 503 1155 542 ser-

206 605 272 645 vare
301 588 459 663 cupientes,
486 587 626 663 spoliatos
654 587 774 645 ducibus
803 585 891 646 servis
920 585 1037 641 armatis
1064 583 1154 641 obiici

207 687 348 745 noluerim
363 686 556 762 declararique
571 685 729 755 maluerim,
744 685 909 760 quantavis
923 701 988 742 esse
1007 681 1155 758 potuisset

208 784 238 842 in
251 801 396 843 consensu
409 785 565 854 bonorum,
581 785 604 842 si
623 784 658 841 iis
677 800 731 860 pro
749 800 798 840 me
817 791 911 840 stante
928 797 1063 858 pugnare
1083 779 1154 836 licu-

208 884 285 953 isset,
300 901 368 941 cum
382 882 529 940 adflictum
544 882 667 940 excitare
686 877 865 957 potuissent;
888 897 1015 957 quorum
1031 876 1153 954 quidem

209 982 338 1040 animum
353 989 383 1038 tu
397 998 458 1037 non
473 979 642 1056 perspexisti
657 979 758 1050 solum,
774 997 842 1037 cum
856 979 893 1038 de
910 997 958 1036 me
973 993 1086 1053 ageres,
1101 975 1153 1033 sed

209 1082 296 1139 etiam
321 1080 497 1139 confirmasti
519 1091 605 1155 atque
633 1078 756 1136 tenuisti
803 1097 847 1150 14.
870 1078 939 1150 Qua
966 1078 997 1135 in
1021 1093 1153 1134 causa-

209 1199 270 1240 non
283 1180 373 1238 modo
387 1198 448 1238 non
463 1180 586 1256 negabo,
602 1179 654 1238 sed
668 1181 756 1238 etiam
769 1197 885 1256 semper
898 1187 927 1238 et
945 1178 1109 1237 meminero
1122 1187 1151 1235 et

208 1277 384 1353 praedicabo
397 1276 628 1336 libenter—usus
648 1295 679 1335 es
698 1277 871 1353 quibusdam
891 1275 1079 1335 nobilissimis
1097 1274 1150 1332 ho-

209 1375 336 1432 minibus
355 1373 519 1434 fortioribus
532 1376 562 1432 in
576 1393 624 1433 me
638 1375 823 1445 restituendo,
838 1393 926 1452 quarn
945 1374 1058 1432 fuerant
1071 1372 1148 1430 idem

210 1473 240 1529 in
255 1472 401 1545 tenendo;
423 1491 481 1549 qua
499 1475 529 1531 in
543 1474 685 1533 sententia
699 1473 723 1532 si
737 1485 871 1533 constare
884 1473 1052 1543 voluissent,
1065 1487 1148 1530 suam

210 1571 408 1629 auctoritatem
430 1571 514 1630 simul
535 1590 602 1630 cum
623 1572 714 1630 salute
735 1590 801 1630 mea
821 1579 1049 1648 recuperassent
1091 1568 1149 1627 Re·

211 1669 312 1730 creatis
334 1671 412 1727 enim
432 1671 519 1728 bonis
540 1671 605 1729 viris
626 1671 777 1730 consulatu
796 1681 846 1730 tuo
861 1680 890 1729 et
910 1669 1149 1730 constantissimis

210 1777 297 1844 atque
312 1769 428 1844 optimis
443 1769 604 1828 actionibus
617 1770 673 1828 tuis
687 1770 824 1840 excitatis,
840 1769 895 1828 Cn.
911 1768 1054 1844 Pompeio
1069 1785 1150 1843 prae-

211 1868 308 1926 sertim
336 1867 374 1925 ad
402 1886 520 1926 causam
548 1868 691 1939 adiuncto,
720 1886 788 1926 cum
814 1868 901 1926 etiarn
929 1868 1038 1928 Caesar
1065 1868 1149 1925 rebus

210 1966 345 2024 maximis
358 1966 447 2041 gestis
462 1966 653 2042 singularibus
667 1977 785 2024 ornatus
800 1977 828 2024 et
845 1955 928 2025 novis
942 1964 1105 2024 honoribus
1117 1981 1149 2022 ac

211 2065 323 2123 iudiciis
338 2073 456 2126 senatus
470 2064 507 2122 ad
522 2066 722 2123 auctoritatem
740 2066 801 2123 eius
815 2064 925 2122 ordinis
939 2063 1148 2138 adiungeretur,

211 2164 280 2222 nulli
293 2165 428 2240 improbo
442 2163 497 2222 civi
514 2163 596 2222 locus
611 2163 648 2221 ad
664 2182 725 2221 rem
744 2163 890 2238 publicam
907 2161 1074 2220 violandam
1088 2177 1149 2219 esse

210 2263 360 2337 potuisset.
406 2276 451 2335 15.
474 2261 533 2320 Sed
560 2261 684 2332 attende,
713 2279 832 2338 quaeso,
861 2279 936 2337 quae
964 2260 1021 2317 sint
1049 2275 1150 2318 conse·

212 2369 293 2419 cuta:
316 2361 441 2439 primum
462 2360 510 2418 illa
530 2360 602 2417 furia
622 2359 802 2418 muliebrium
823 2359 1005 2434 religionum,
1024 2359 1076 2433 qui
1092 2374 1149 2415 non

212 2458 300 2533 pluris
319 2458 425 2518 fecerat
444 2459 559 2518 Bonam
574 2459 659 2517 deam
677 2475 767 2533 quarn
786 2467 843 2516 tres
858 2475 982 2527 sorores,
996 2457 1149 2532 impunita·

212 2564 270 2612 tem
285 2565 329 2614 est
343 2555 456 2614 illorum
476 2556 625 2615 sententiis
639 2556 800 2627 adsecutus,
815 2556 873 2631 qui,
887 2572 955 2614 curn
969 2554 1104 2612 tribunus
1116 2551 1151 2628 pl

212 2669 323 2727 poenas
338 2669 356 2710 a
371 2654 509 2713 seditioso
531 2654 585 2713 civi
605 2673 657 2730 per
675 2654 771 2712 bonos
792 2655 869 2712 viros
890 2653 997 2712 iudicio
1017 2651 1152 2728 persequi

213 2735 306 2820 vellet,
319 2752 486 2827 exemplum
507 2752 765 2828 praeclarissimum
786 2754 817 2811 in
837 2760 986 2829 posterum
1007 2751 1153 2809 vindican-

214 2847 268 2905 dae
283 2847 432 2908 seditionis
452 2850 488 2908 de
507 2869 538 2909 re
557 2851 673 2927 publica
691 2850 882 2921 sustulerunt;
903 2849 1039 2925 idemque
1053 2857 1155 2924 postea

213 2963 274 3003 non
301 2963 400 3004 meum
427 2959 773 3007 monumentum—non
799 2949 878 3006 enirn
906 2948 969 3006 illae
1001 2947 1157 3005 manubiae

214 3061 304 3114 meae,
334 3044 386 3103 sed
414 3047 511 3122 operis
539 3047 646 3105 locatio
674 3065 741 3105 mea
768 3047 909 3117 fuerat-‚
933 3054 1156 3104 monumentum

214 3158 282 3200 vero
304 3151 420 3201 senatus
445 3143 542 3204 hostili
566 3145 685 3203 nomine
708 3155 737 3203 et
760 3144 886 3203 cruentis
910 3145 1039 3202 inustum
1060 3141 1158 3202 litteris

215 3255 279 3297 esse
303 3240 380 3316 passi
410 3249 483 3298 sunt.
527 3240 587 3314 Qui
614 3259 661 3300 me
689 3241 822 3300 homines
851 3241 931 3319 quod
954 3239 1066 3299 salvum
1095 3258 1157 3300 esse

215 3339 375 3409 voluerunt,
391 3349 435 3398 est
456 3339 527 3397 mihi
547 3341 760 3415 gratissimum,
783 3340 834 3398 sed
855 3340 958 3398 vellem
978 3357 1041 3398 non
1063 3339 1156 3398 solum

216 3435 314 3495 salutis
335 3451 428 3505 meae,
454 3453 542 3511 quem
566 3435 747 3494 admodum
767 3436 882 3508 medici,
904 3437 963 3508 sed,
986 3446 1019 3494 ut
1043 3435 1156 3512 aliptae,
