<?xml version="1.0" encoding="UTF-8"?>
<!DOCTYPE html PUBLIC "-//W3C//DTD XHTML 1.0 Transitional//EN"
    "http://www.w3.org/TR/xhtml1/DTD/xhtml1-transitional.dtd">
<html xmlns="http://www.w3.org/1999/xhtml" xml:lang="en" lang="en">
 <head>
  <title>
</title>
<meta http-equiv="Content-Type" content="text/html;charset=utf-8" />
  <meta name='ocr-system' content='tesseract 3.04.00' />
  <meta name='ocr-capabilities' content='ocr_page ocr_carea ocr_par ocr_line ocrx_word'/>
</head>
<body>
  <div class='ocr_page' id='page_1' title='image "./epistolaeselect00watsgoog/epistolaeselect00watsgoog_0133.png"; bbox 0 0 2454 3842; ppageno 0'>
   <div class='ocr_carea' id='block_1_1' title="bbox 193 165 1152 262">
    <p class='ocr_par' dir='ltr' id='par_1_1' title="bbox 193 165 1152 262">
     <span class='ocr_line' id='line_1_1' title="bbox 193 165 1152 262; baseline 0.027 -52"><span class='ocrx_word' id='word_1_1' title='bbox 193 165 251 212; x_wconf 84' lang='lat' dir='ltr'>rra</span> <span class='ocrx_word' id='word_1_2' title='bbox 469 177 507 230; x_wconf 80' lang='lat' dir='ltr'>rr.</span> <span class='ocrx_word' id='word_1_3' title='bbox 535 179 657 231; x_wconf 80' lang='lat' dir='ltr'>ranan</span> <span class='ocrx_word' id='word_1_4' title='bbox 679 183 875 235; x_wconf 78' lang='lat' dir='ltr'>ercaaonrs</span> <span class='ocrx_word' id='word_1_5' title='bbox 1035 166 1104 262; x_wconf 69' lang='lat' dir='ltr'>[nm</span> <span class='ocrx_word' id='word_1_6' title='bbox 1120 189 1152 236; x_wconf 92' lang='lat' dir='ltr'>n.</span> 
     </span>
    </p>
   </div>
   <div class='ocr_carea' id='block_1_2' title="bbox 189 303 1156 3458">
    <p class='ocr_par' dir='ltr' id='par_1_2' title="bbox 189 303 1156 3458">
     <span class='ocr_line' id='line_1_2' title="bbox 189 303 1153 409; baseline 0.022 -39"><span class='ocrx_word' id='word_1_7' title='bbox 189 303 292 382; x_wconf 67' lang='lat' dir='ltr'>Itaque</span> <span class='ocrx_word' id='word_1_8' title='bbox 318 313 382 376; x_wconf 83' lang='lat' dir='ltr'>sine</span> <span class='ocrx_word' id='word_1_9' title='bbox 406 321 465 381; x_wconf 88' lang='lat' dir='ltr'>ulla</span> <span class='ocrx_word' id='word_1_10' title='bbox 488 325 651 401; x_wconf 82' lang='lat' dir='ltr'>ignominia</span> <span class='ocrx_word' id='word_1_11' title='bbox 675 330 736 388; x_wconf 84' lang='lat' dir='ltr'>suis</span> <span class='ocrx_word' id='word_1_12' title='bbox 766 327 897 390; x_wconf 87' lang='lat' dir='ltr'>humeris</span> <span class='ocrx_word' id='word_1_13' title='bbox 926 332 1072 407; x_wconf 85' lang='lat' dir='ltr'>pecunias</span> <span class='ocrx_word' id='word_1_14' title='bbox 1098 349 1153 409; x_wconf 90' lang='lat' dir='ltr'>po-</span> 
     </span>
     <span class='ocr_line' id='line_1_3' title="bbox 189 402 1153 507; baseline 0.027 -45"><span class='ocrx_word' id='word_1_15' title='bbox 189 402 263 480; x_wconf 82' lang='lat' dir='ltr'>pulis</span> <span class='ocrx_word' id='word_1_16' title='bbox 284 417 474 496; x_wconf 82' lang='lat' dir='ltr'>rettulerunt3</span> <span class='ocrx_word' id='word_1_17' title='bbox 495 426 598 501; x_wconf 89' lang='lat' dir='ltr'>populi</span> <span class='ocrx_word' id='word_1_18' title='bbox 619 436 717 484; x_wconf 89' lang='lat' dir='ltr'>autem</span> <span class='ocrx_word' id='word_1_19' title='bbox 739 427 822 486; x_wconf 92' lang='lat' dir='ltr'>nullo</span> <span class='ocrx_word' id='word_1_20' title='bbox 843 429 956 504; x_wconf 81' lang='lat' dir='ltr'>gemitu</span> <span class='ocrx_word' id='word_1_21' title='bbox 978 430 1153 507; x_wconf 76' lang='lat' dir='ltr'>publicanis</span> 
     </span>
     <span class='ocr_line' id='line_1_4' title="bbox 189 501 1154 606; baseline 0.028 -47"><span class='ocrx_word' id='word_1_22' title='bbox 189 501 294 578; x_wconf 82' lang='lat' dir='ltr'>quibus</span> <span class='ocrx_word' id='word_1_23' title='bbox 315 509 373 574; x_wconf 93' lang='lat' dir='ltr'>hoc</span> <span class='ocrx_word' id='word_1_24' title='bbox 394 519 461 597; x_wconf 91' lang='lat' dir='ltr'>ipso</span> <span class='ocrx_word' id='word_1_25' title='bbox 481 522 572 583; x_wconf 89' lang='lat' dir='ltr'>lustro</span> <span class='ocrx_word' id='word_1_26' title='bbox 600 525 670 584; x_wconf 92' lang='lat' dir='ltr'>nihil</span> <span class='ocrx_word' id='word_1_27' title='bbox 693 526 850 598; x_wconf 81' lang='lat' dir='ltr'>solverant,</span> <span class='ocrx_word' id='word_1_28' title='bbox 877 527 968 586; x_wconf 89' lang='lat' dir='ltr'>etiam</span> <span class='ocrx_word' id='word_1_29' title='bbox 995 529 1154 606; x_wconf 90' lang='lat' dir='ltr'>superioris</span> 
     </span>
     <span class='ocr_line' id='line_1_5' title="bbox 190 598 1154 700; baseline 0.028 -43"><span class='ocrx_word' id='word_1_30' title='bbox 190 598 269 662; x_wconf 80' lang='lat' dir='ltr'>lustri</span> <span class='ocrx_word' id='word_1_31' title='bbox 298 612 408 690; x_wconf 82' lang='lat' dir='ltr'>reliqua</span> <span class='ocrx_word' id='word_1_32' title='bbox 436 619 641 696; x_wconf 79' lang='lat' dir='ltr'>reddidemnt3</span> <span class='ocrx_word' id='word_1_33' title='bbox 677 623 778 699; x_wconf 87' lang='lat' dir='ltr'>itaque</span> <span class='ocrx_word' id='word_1_34' title='bbox 806 625 974 700; x_wconf 84' lang='lat' dir='ltr'>publicanis</span> <span class='ocrx_word' id='word_1_35' title='bbox 1005 628 1038 684; x_wconf 90' lang='lat' dir='ltr'>in</span> <span class='ocrx_word' id='word_1_36' title='bbox 1062 628 1154 686; x_wconf 88' lang='lat' dir='ltr'>oculis</span> 
     </span>
     <span class='ocr_line' id='line_1_6' title="bbox 190 715 1154 798; baseline 0.008 -22"><span class='ocrx_word' id='word_1_37' title='bbox 190 715 299 766; x_wconf 65' lang='lat' dir='ltr'><strong>Sumus·</strong></span> <span class='ocrx_word' id='word_1_38' title='bbox 344 715 472 778; x_wconf 85' lang='lat' dir='ltr'>‘Gratis’</span> <span class='ocrx_word' id='word_1_39' title='bbox 500 721 597 798; x_wconf 89' lang='lat' dir='ltr'>inquis</span> <span class='ocrx_word' id='word_1_40' title='bbox 617 721 733 778; x_wconf 87' lang='lat' dir='ltr'>‘virisl’</span> <span class='ocrx_word' id='word_1_41' title='bbox 757 721 921 783; x_wconf 86' lang='lat' dir='ltr'>Sensimus.</span> <span class='ocrx_word' id='word_1_42' title='bbox 964 724 1032 783; x_wconf 88' lang='lat' dir='ltr'>Iam</span> <span class='ocrx_word' id='word_1_43' title='bbox 1059 735 1154 784; x_wconf 87' lang='lat' dir='ltr'>cetera</span> 
     </span>
     <span class='ocr_line' id='line_1_7' title="bbox 191 799 1154 897; baseline 0.025 -40"><span class='ocrx_word' id='word_1_44' title='bbox 191 799 260 862; x_wconf 86' lang='lat' dir='ltr'>iuris</span> <span class='ocrx_word' id='word_1_45' title='bbox 275 805 366 872; x_wconf 87' lang='lat' dir='ltr'>dictio</span> <span class='ocrx_word' id='word_1_46' title='bbox 380 835 435 876; x_wconf 90' lang='lat' dir='ltr'>nec</span> <span class='ocrx_word' id='word_1_47' title='bbox 456 818 589 897; x_wconf 86' lang='lat' dir='ltr'>imperita</span> <span class='ocrx_word' id='word_1_48' title='bbox 602 829 632 878; x_wconf 89' lang='lat' dir='ltr'>et</span> <span class='ocrx_word' id='word_1_49' title='bbox 650 819 782 878; x_wconf 85' lang='lat' dir='ltr'>clemens</span> <span class='ocrx_word' id='word_1_50' title='bbox 797 835 867 879; x_wconf 84' lang='lat' dir='ltr'>cum</span> <span class='ocrx_word' id='word_1_51' title='bbox 881 822 1049 882; x_wconf 86' lang='lat' dir='ltr'>admirabili</span> <span class='ocrx_word' id='word_1_52' title='bbox 1064 823 1154 884; x_wconf 85' lang='lat' dir='ltr'>facili-</span> 
     </span>
     <span class='ocr_line' id='line_1_8' title="bbox 191 909 1155 999; baseline 0.004 -23"><span class='ocrx_word' id='word_1_53' title='bbox 191 909 266 976; x_wconf 85' lang='lat' dir='ltr'>tate;</span> <span class='ocrx_word' id='word_1_54' title='bbox 289 909 384 974; x_wconf 87' lang='lat' dir='ltr'>aditus</span> <span class='ocrx_word' id='word_1_55' title='bbox 399 927 497 977; x_wconf 90' lang='lat' dir='ltr'>autem</span> <span class='ocrx_word' id='word_1_56' title='bbox 511 919 549 978; x_wconf 89' lang='lat' dir='ltr'>ad</span> <span class='ocrx_word' id='word_1_57' title='bbox 567 937 615 976; x_wconf 91' lang='lat' dir='ltr'>me</span> <span class='ocrx_word' id='word_1_58' title='bbox 634 917 755 975; x_wconf 90' lang='lat' dir='ltr'>minime</span> <span class='ocrx_word' id='word_1_59' title='bbox 776 919 991 994; x_wconf 86' lang='lat' dir='ltr'>provinciales;</span> <span class='ocrx_word' id='word_1_60' title='bbox 1014 922 1089 980; x_wconf 82' lang='lat' dir='ltr'>nihil</span> <span class='ocrx_word' id='word_1_61' title='bbox 1102 941 1155 999; x_wconf 87' lang='lat' dir='ltr'>per</span> 
     </span>
     <span class='ocr_line' id='line_1_9' title="bbox 192 1001 1154 1091; baseline 0.019 -29"><span class='ocrx_word' id='word_1_62' title='bbox 192 1001 416 1089; x_wconf 64' lang='lat' dir='ltr'>cubicularium</span> <span class='ocrx_word' id='word_1_63' title='bbox 450 1028 516 1076; x_wconf 87' lang='lat' dir='ltr'>ante</span> <span class='ocrx_word' id='word_1_64' title='bbox 543 1018 638 1076; x_wconf 88' lang='lat' dir='ltr'>lucem</span> <span class='ocrx_word' id='word_1_65' title='bbox 662 1015 881 1076; x_wconf 75' lang='lat' dir='ltr'>inambulabam</span> <span class='ocrx_word' id='word_1_66' title='bbox 905 1019 998 1091; x_wconf 88' lang='lat' dir='ltr'>domi,</span> <span class='ocrx_word' id='word_1_67' title='bbox 1021 1033 1055 1079; x_wconf 88' lang='lat' dir='ltr'>ut</span> <span class='ocrx_word' id='word_1_68' title='bbox 1084 1022 1154 1080; x_wconf 91' lang='lat' dir='ltr'>olim</span> 
     </span>
     <span class='ocr_line' id='line_1_10' title="bbox 193 1103 1154 1194; baseline 0.019 -35"><span class='ocrx_word' id='word_1_69' title='bbox 193 1103 372 1173; x_wconf 85' lang='lat' dir='ltr'>candidatus.</span> <span class='ocrx_word' id='word_1_70' title='bbox 428 1115 520 1176; x_wconf 83' lang='lat' dir='ltr'>Grata</span> <span class='ocrx_word' id='word_1_71' title='bbox 550 1116 623 1174; x_wconf 88' lang='lat' dir='ltr'>baec</span> <span class='ocrx_word' id='word_1_72' title='bbox 651 1123 679 1172; x_wconf 92' lang='lat' dir='ltr'>et</span> <span class='ocrx_word' id='word_1_73' title='bbox 707 1131 818 1190; x_wconf 90' lang='lat' dir='ltr'>magna</span> <span class='ocrx_word' id='word_1_74' title='bbox 851 1117 988 1194; x_wconf 81' lang='lat' dir='ltr'>mihique</span> <span class='ocrx_word' id='word_1_75' title='bbox 1015 1119 1154 1179; x_wconf 88' lang='lat' dir='ltr'>noudum</span> 
     </span>
     <span class='ocr_line' id='line_1_11' title="bbox 193 1200 1154 1277; baseline 0.016 -17"><span class='ocrx_word' id='word_1_76' title='bbox 193 1200 340 1270; x_wconf 88' lang='lat' dir='ltr'>laboriosa</span> <span class='ocrx_word' id='word_1_77' title='bbox 361 1232 398 1272; x_wconf 85' lang='lat' dir='ltr'>ex</span> <span class='ocrx_word' id='word_1_78' title='bbox 417 1215 465 1273; x_wconf 91' lang='lat' dir='ltr'>illa</span> <span class='ocrx_word' id='word_1_79' title='bbox 485 1225 578 1274; x_wconf 89' lang='lat' dir='ltr'>vetere</span> <span class='ocrx_word' id='word_1_80' title='bbox 599 1213 708 1272; x_wconf 90' lang='lat' dir='ltr'>militia.</span> <span class='ocrx_word' id='word_1_81' title='bbox 750 1215 777 1271; x_wconf 88' lang='lat'>6.</span> <span class='ocrx_word' id='word_1_82' title='bbox 801 1213 898 1274; x_wconf 88' lang='lat' dir='ltr'>Nonis</span> <span class='ocrx_word' id='word_1_83' title='bbox 921 1215 1012 1276; x_wconf 90' lang='lat' dir='ltr'>Maiis</span> <span class='ocrx_word' id='word_1_84' title='bbox 1034 1219 1068 1275; x_wconf 87' lang='lat' dir='ltr'>iu</span> <span class='ocrx_word' id='word_1_85' title='bbox 1084 1218 1154 1277; x_wconf 90' lang='lat' dir='ltr'>Cili-</span> 
     </span>
     <span class='ocr_line' id='line_1_12' title="bbox 196 1300 1154 1392; baseline 0.016 -33"><span class='ocrx_word' id='word_1_86' title='bbox 196 1300 271 1361; x_wconf 86' lang='lat' dir='ltr'>ciam</span> <span class='ocrx_word' id='word_1_87' title='bbox 293 1310 458 1385; x_wconf 81' lang='lat' dir='ltr'>cogitabam</span> <span class='ocrx_word' id='word_1_88' title='bbox 469 1333 478 1385; x_wconf 86' lang='lat'>;</span> <span class='ocrx_word' id='word_1_89' title='bbox 499 1314 538 1372; x_wconf 91' lang='lat' dir='ltr'>ibi</span> <span class='ocrx_word' id='word_1_90' title='bbox 559 1331 627 1372; x_wconf 89' lang='lat' dir='ltr'>cum</span> <span class='ocrx_word' id='word_1_91' title='bbox 649 1311 766 1369; x_wconf 86' lang='lat' dir='ltr'>lunium</span> <span class='ocrx_word' id='word_1_92' title='bbox 788 1328 924 1372; x_wconf 84' lang='lat' dir='ltr'>mensem</span> <span class='ocrx_word' id='word_1_93' title='bbox 946 1317 1154 1392; x_wconf 82' lang='lat' dir='ltr'>eonsruupsis-</span> 
     </span>
     <span class='ocr_line' id='line_1_13' title="bbox 198 1411 1154 1486; baseline 0.015 -29"><span class='ocrx_word' id='word_1_94' title='bbox 198 1416 389 1484; x_wconf 83' lang='lat' dir='ltr'>aem--atque</span> <span class='ocrx_word' id='word_1_95' title='bbox 409 1413 518 1471; x_wconf 87' lang='lat' dir='ltr'>utinam</span> <span class='ocrx_word' id='word_1_96' title='bbox 539 1412 569 1468; x_wconf 91' lang='lat' dir='ltr'>in</span> <span class='ocrx_word' id='word_1_97' title='bbox 587 1411 679 1486; x_wconf 87' lang='lat' dir='ltr'>pacel</span> <span class='ocrx_word' id='word_1_98' title='bbox 701 1427 844 1484; x_wconf 82' lang='lat' dir='ltr'>magnum</span> <span class='ocrx_word' id='word_1_99' title='bbox 863 1412 943 1469; x_wconf 90' lang='lat' dir='ltr'>enim</span> <span class='ocrx_word' id='word_1_100' title='bbox 963 1413 1077 1471; x_wconf 90' lang='lat' dir='ltr'>bellum</span> <span class='ocrx_word' id='word_1_101' title='bbox 1097 1415 1154 1471; x_wconf 88' lang='lat' dir='ltr'>im-</span> 
     </span>
     <span class='ocr_line' id='line_1_14' title="bbox 198 1500 1155 1586; baseline 0.01 -27"><span class='ocrx_word' id='word_1_102' title='bbox 198 1500 307 1582; x_wconf 86' lang='lat' dir='ltr'>pendet</span> <span class='ocrx_word' id='word_1_103' title='bbox 320 1523 339 1564; x_wconf 87' lang='lat' dir='ltr'>a</span> <span class='ocrx_word' id='word_1_104' title='bbox 351 1506 511 1582; x_wconf 86' lang='lat' dir='ltr'>Parthis—,</span> <span class='ocrx_word' id='word_1_105' title='bbox 526 1509 703 1583; x_wconf 77' lang='lat' dir='ltr'>Quinctilun</span> <span class='ocrx_word' id='word_1_106' title='bbox 722 1508 753 1565; x_wconf 92' lang='lat' dir='ltr'>in</span> <span class='ocrx_word' id='word_1_107' title='bbox 770 1507 866 1568; x_wconf 88' lang='lat' dir='ltr'>reditu</span> <span class='ocrx_word' id='word_1_108' title='bbox 879 1525 1011 1586; x_wconf 85' lang='lat' dir='ltr'>ponere;</span> <span class='ocrx_word' id='word_1_109' title='bbox 1033 1527 1155 1569; x_wconf 85' lang='lat' dir='ltr'>annuae</span> 
     </span>
     <span class='ocr_line' id='line_1_15' title="bbox 199 1599 1155 1687; baseline 0.006 -27"><span class='ocrx_word' id='word_1_110' title='bbox 199 1599 361 1680; x_wconf 73' lang='lat' dir='ltr'>enimmihi</span> <span class='ocrx_word' id='word_1_111' title='bbox 375 1625 480 1686; x_wconf 87' lang='lat' dir='ltr'>operae</span> <span class='ocrx_word' id='word_1_112' title='bbox 496 1608 564 1669; x_wconf 84' lang='lat' dir='ltr'>ad</span> <span class='ocrx_word' id='word_1_113' title='bbox 581 1628 622 1666; x_wconf 90' lang='lat' dir='ltr'>m.</span> <span class='ocrx_word' id='word_1_114' title='bbox 637 1606 704 1664; x_wconf 85' lang='lat' dir='ltr'>Kal</span> <span class='ocrx_word' id='word_1_115' title='bbox 721 1605 820 1665; x_wconf 84' lang='lat' dir='ltr'>Sextii.</span> <span class='ocrx_word' id='word_1_116' title='bbox 834 1618 1019 1667; x_wconf 86' lang='lat' dir='ltr'>emerentur:</span> <span class='ocrx_word' id='word_1_117' title='bbox 1039 1625 1155 1687; x_wconf 86' lang='lat' dir='ltr'>magna</span> 
     </span>
     <span class='ocr_line' id='line_1_16' title="bbox 199 1703 1153 1784; baseline 0.004 -22"><span class='ocrx_word' id='word_1_118' title='bbox 199 1711 296 1762; x_wconf 84' lang='lat' dir='ltr'>autem</span> <span class='ocrx_word' id='word_1_119' title='bbox 320 1703 351 1762; x_wconf 90' lang='lat' dir='ltr'>ln</span> <span class='ocrx_word' id='word_1_120' title='bbox 373 1723 426 1784; x_wconf 85' lang='lat' dir='ltr'>spe</span> <span class='ocrx_word' id='word_1_121' title='bbox 448 1725 512 1766; x_wconf 86' lang='lat' dir='ltr'>snm</span> <span class='ocrx_word' id='word_1_122' title='bbox 536 1708 606 1766; x_wconf 88' lang='lat' dir='ltr'>mihi</span> <span class='ocrx_word' id='word_1_123' title='bbox 631 1705 701 1764; x_wconf 91' lang='lat' dir='ltr'>nihil</span> <span class='ocrx_word' id='word_1_124' title='bbox 724 1706 864 1781; x_wconf 81' lang='lat' dir='ltr'>temporis</span> <span class='ocrx_word' id='word_1_125' title='bbox 887 1718 1084 1784; x_wconf 84' lang='lat' dir='ltr'>prorogatum</span> <span class='ocrx_word' id='word_1_126' title='bbox 1111 1709 1153 1766; x_wconf 86' lang='lat' dir='ltr'>iri.</span> 
     </span>
     <span class='ocr_line' id='line_1_17' title="bbox 200 1800 1154 1883; baseline 0.002 -21"><span class='ocrx_word' id='word_1_127' title='bbox 200 1800 356 1862; x_wconf 83' lang='lat' dir='ltr'>Habebam</span> <span class='ocrx_word' id='word_1_128' title='bbox 369 1815 434 1865; x_wconf 86' lang='lat' dir='ltr'>acta</span> <span class='ocrx_word' id='word_1_129' title='bbox 447 1805 557 1864; x_wconf 88' lang='lat' dir='ltr'>urbana</span> <span class='ocrx_word' id='word_1_130' title='bbox 577 1823 670 1882; x_wconf 89' lang='lat' dir='ltr'>usque</span> <span class='ocrx_word' id='word_1_131' title='bbox 689 1803 726 1862; x_wconf 84' lang='lat' dir='ltr'>ad</span> <span class='ocrx_word' id='word_1_132' title='bbox 741 1803 847 1864; x_wconf 87' lang='lat' dir='ltr'>Nonas</span> <span class='ocrx_word' id='word_1_133' title='bbox 860 1804 993 1876; x_wconf 79' lang='lat' dir='ltr'>Martias,</span> <span class='ocrx_word' id='word_1_134' title='bbox 1009 1825 1026 1864; x_wconf 90' lang='lat' dir='ltr'>e</span> <span class='ocrx_word' id='word_1_135' title='bbox 1040 1808 1154 1883; x_wconf 90' lang='lat' dir='ltr'>quibus</span> 
     </span>
     <span class='ocr_line' id='line_1_18' title="bbox 200 1901 1155 1981; baseline 0.001 -17"><span class='ocrx_word' id='word_1_136' title='bbox 200 1901 404 1978; x_wconf 77' lang='lat' dir='ltr'>intellegebam</span> <span class='ocrx_word' id='word_1_137' title='bbox 432 1902 565 1964; x_wconf 81' lang='lat' dir='ltr'>Curionis</span> <span class='ocrx_word' id='word_1_138' title='bbox 600 1905 691 1963; x_wconf 89' lang='lat' dir='ltr'>nostri</span> <span class='ocrx_word' id='word_1_139' title='bbox 720 1903 885 1962; x_wconf 86' lang='lat' dir='ltr'>constantia</span> <span class='ocrx_word' id='word_1_140' title='bbox 917 1905 1019 1962; x_wconf 86' lang='lat' dir='ltr'>omnia</span> <span class='ocrx_word' id='word_1_141' title='bbox 1048 1906 1155 1981; x_wconf 88' lang='lat' dir='ltr'>potius</span> 
     </span>
     <span class='ocr_line' id='line_1_19' title="bbox 202 2002 1154 2081; baseline -0.004 -15"><span class='ocrx_word' id='word_1_142' title='bbox 202 2011 300 2066; x_wconf 88' lang='lat' dir='ltr'>actum</span> <span class='ocrx_word' id='word_1_143' title='bbox 318 2002 351 2062; x_wconf 91' lang='lat' dir='ltr'>iri</span> <span class='ocrx_word' id='word_1_144' title='bbox 369 2021 455 2081; x_wconf 89' lang='lat' dir='ltr'>quarn</span> <span class='ocrx_word' id='word_1_145' title='bbox 472 2002 509 2063; x_wconf 90' lang='lat' dir='ltr'>de</span> <span class='ocrx_word' id='word_1_146' title='bbox 522 2003 693 2080; x_wconf 89' lang='lat' dir='ltr'>provinciis:</span> <span class='ocrx_word' id='word_1_147' title='bbox 715 2019 795 2077; x_wconf 84' lang='lat' dir='ltr'>ergo,</span> <span class='ocrx_word' id='word_1_148' title='bbox 810 2010 842 2059; x_wconf 91' lang='lat' dir='ltr'>ut</span> <span class='ocrx_word' id='word_1_149' title='bbox 863 2017 959 2077; x_wconf 82' lang='lat' dir='ltr'>spero,</span> <span class='ocrx_word' id='word_1_150' title='bbox 973 2003 1154 2079; x_wconf 86' lang='lat' dir='ltr'>propediem</span> 
     </span>
     <span class='ocr_line' id='line_1_20' title="bbox 202 2100 1156 2187; baseline -0.008 -19"><span class='ocrx_word' id='word_1_151' title='bbox 202 2117 230 2168; x_wconf 83' lang='lat' dir='ltr'>te</span> <span class='ocrx_word' id='word_1_152' title='bbox 251 2102 363 2164; x_wconf 83' lang='lat' dir='ltr'>videbo</span> <span class='ocrx_word' id='word_1_153' title='bbox 406 2115 432 2178; x_wconf 83' lang='lat'>7.</span> <span class='ocrx_word' id='word_1_154' title='bbox 453 2100 549 2161; x_wconf 89' lang='lat' dir='ltr'>Venio</span> <span class='ocrx_word' id='word_1_155' title='bbox 571 2102 608 2159; x_wconf 92' lang='lat' dir='ltr'>ad</span> <span class='ocrx_word' id='word_1_156' title='bbox 629 2100 750 2159; x_wconf 79' lang='lat' dir='ltr'>Brutum</span> <span class='ocrx_word' id='word_1_157' title='bbox 771 2109 863 2172; x_wconf 79' lang='lat' dir='ltr'>urum,</span> <span class='ocrx_word' id='word_1_158' title='bbox 883 2100 973 2187; x_wconf 77' lang='lat' dir='ltr'>immo</span> <span class='ocrx_word' id='word_1_159' title='bbox 994 2110 1156 2174; x_wconf 79' lang='lat' dir='ltr'>nostrum,-</span> 
     </span>
     <span class='ocr_line' id='line_1_21' title="bbox 204 2197 1155 2277; baseline -0.013 -8"><span class='ocrx_word' id='word_1_160' title='bbox 204 2208 246 2270; x_wconf 87' lang='lat' dir='ltr'>sic</span> <span class='ocrx_word' id='word_1_161' title='bbox 264 2203 342 2266; x_wconf 90' lang='lat' dir='ltr'>enim</span> <span class='ocrx_word' id='word_1_162' title='bbox 360 2201 469 2262; x_wconf 84' lang='lat' dir='ltr'>mavia:</span> <span class='ocrx_word' id='word_1_163' title='bbox 491 2200 626 2277; x_wconf 88' lang='lat' dir='ltr'>equidem</span> <span class='ocrx_word' id='word_1_164' title='bbox 647 2200 748 2258; x_wconf 90' lang='lat' dir='ltr'>omnia</span> <span class='ocrx_word' id='word_1_165' title='bbox 768 2197 833 2270; x_wconf 86' lang='lat' dir='ltr'>leci,</span> <span class='ocrx_word' id='word_1_166' title='bbox 848 2215 924 2274; x_wconf 84' lang='lat' dir='ltr'>quae</span> <span class='ocrx_word' id='word_1_167' title='bbox 944 2199 1026 2276; x_wconf 72' lang='lat' dir='ltr'>potu·</span> <span class='ocrx_word' id='word_1_168' title='bbox 1047 2209 1101 2258; x_wconf 88' lang='lat' dir='ltr'>aut</span> <span class='ocrx_word' id='word_1_169' title='bbox 1122 2199 1155 2257; x_wconf 94' lang='lat' dir='ltr'>in</span> 
     </span>
     <span class='ocr_line' id='line_1_22' title="bbox 204 2297 1154 2381; baseline -0.014 -13"><span class='ocrx_word' id='word_1_170' title='bbox 204 2324 270 2368; x_wconf 87' lang='lat' dir='ltr'>mea</span> <span class='ocrx_word' id='word_1_171' title='bbox 296 2301 445 2381; x_wconf 80' lang='lat' dir='ltr'>provurcia</span> <span class='ocrx_word' id='word_1_172' title='bbox 470 2299 607 2376; x_wconf 84' lang='lat' dir='ltr'>perficere</span> <span class='ocrx_word' id='word_1_173' title='bbox 631 2307 681 2358; x_wconf 91' lang='lat' dir='ltr'>aut</span> <span class='ocrx_word' id='word_1_174' title='bbox 707 2299 738 2356; x_wconf 88' lang='lat' dir='ltr'>iu</span> <span class='ocrx_word' id='word_1_175' title='bbox 762 2311 855 2373; x_wconf 81' lang='lat' dir='ltr'>regno</span> <span class='ocrx_word' id='word_1_176' title='bbox 882 2298 1013 2380; x_wconf 79' lang='lat' dir='ltr'>experiri.</span> <span class='ocrx_word' id='word_1_177' title='bbox 1055 2297 1154 2357; x_wconf 89' lang='lat' dir='ltr'>Omni</span> 
     </span>
     <span class='ocr_line' id='line_1_23' title="bbox 205 2392 1155 2486; baseline -0.012 -20"><span class='ocrx_word' id='word_1_178' title='bbox 205 2407 290 2486; x_wconf 76' lang='lat' dir='ltr'>igitur</span> <span class='ocrx_word' id='word_1_179' title='bbox 309 2400 401 2462; x_wconf 86' lang='lat' dir='ltr'>modo</span> <span class='ocrx_word' id='word_1_180' title='bbox 420 2398 469 2476; x_wconf 81' lang='lat' dir='ltr'>egi</span> <span class='ocrx_word' id='word_1_181' title='bbox 490 2415 557 2458; x_wconf 90' lang='lat' dir='ltr'>eum</span> <span class='ocrx_word' id='word_1_182' title='bbox 581 2415 651 2474; x_wconf 85' lang='lat' dir='ltr'>rege</span> <span class='ocrx_word' id='word_1_183' title='bbox 674 2404 703 2454; x_wconf 91' lang='lat' dir='ltr'>et</span> <span class='ocrx_word' id='word_1_184' title='bbox 723 2411 782 2472; x_wconf 79' lang='lat' dir='ltr'>ago</span> <span class='ocrx_word' id='word_1_185' title='bbox 803 2392 940 2472; x_wconf 86' lang='lat' dir='ltr'>quotidie,</span> <span class='ocrx_word' id='word_1_186' title='bbox 961 2409 1013 2472; x_wconf 87' lang='lat' dir='ltr'>per</span> <span class='ocrx_word' id='word_1_187' title='bbox 1040 2395 1155 2455; x_wconf 84' lang='lat' dir='ltr'>litteras</span> 
     </span>
     <span class='ocr_line' id='line_1_24' title="bbox 206 2493 1154 2577; baseline -0.013 -13"><span class='ocrx_word' id='word_1_188' title='bbox 206 2505 315 2568; x_wconf 87' lang='lat' dir='ltr'>seilicet</span> <span class='ocrx_word' id='word_1_189' title='bbox 322 2519 330 2574; x_wconf 91' lang='lat'>;</span> <span class='ocrx_word' id='word_1_190' title='bbox 351 2501 447 2577; x_wconf 89' lang='lat' dir='ltr'>ipsum</span> <span class='ocrx_word' id='word_1_191' title='bbox 461 2497 539 2556; x_wconf 88' lang='lat' dir='ltr'>enim</span> <span class='ocrx_word' id='word_1_192' title='bbox 552 2496 678 2555; x_wconf 86' lang='lat' dir='ltr'>triduum</span> <span class='ocrx_word' id='word_1_193' title='bbox 689 2494 918 2572; x_wconf 83' lang='lat' dir='ltr'>quadriduumve</span> <span class='ocrx_word' id='word_1_194' title='bbox 930 2509 1048 2552; x_wconf 85' lang='lat' dir='ltr'>mecum</span> <span class='ocrx_word' id='word_1_195' title='bbox 1060 2493 1154 2553; x_wconf 86' lang='lat' dir='ltr'>habui</span> 
     </span>
     <span class='ocr_line' id='line_1_25' title="bbox 206 2587 1154 2672; baseline -0.007 -13"><span class='ocrx_word' id='word_1_196' title='bbox 206 2599 376 2666; x_wconf 77' lang='lat' dir='ltr'>turbulentis</span> <span class='ocrx_word' id='word_1_197' title='bbox 396 2599 428 2656; x_wconf 91' lang='lat' dir='ltr'>in</span> <span class='ocrx_word' id='word_1_198' title='bbox 447 2598 543 2668; x_wconf 89' lang='lat' dir='ltr'>rebus,</span> <span class='ocrx_word' id='word_1_199' title='bbox 564 2594 668 2672; x_wconf 92' lang='lat' dir='ltr'>quibus</span> <span class='ocrx_word' id='word_1_200' title='bbox 689 2608 757 2652; x_wconf 86' lang='lat' dir='ltr'>eum</span> <span class='ocrx_word' id='word_1_201' title='bbox 779 2592 904 2650; x_wconf 85' lang='lat' dir='ltr'>liberavi.</span> <span class='ocrx_word' id='word_1_202' title='bbox 947 2587 1005 2650; x_wconf 84' lang='lat' dir='ltr'>Sed</span> <span class='ocrx_word' id='word_1_203' title='bbox 1029 2601 1060 2650; x_wconf 90' lang='lat' dir='ltr'>et</span> <span class='ocrx_word' id='word_1_204' title='bbox 1087 2602 1154 2652; x_wconf 89' lang='lat' dir='ltr'>tum</span> 
     </span>
     <span class='ocr_line' id='line_1_26' title="bbox 207 2689 1154 2783; baseline -0.01 -24"><span class='ocrx_word' id='word_1_205' title='bbox 207 2715 345 2783; x_wconf 77' lang='lat' dir='ltr'>praesens</span> <span class='ocrx_word' id='word_1_206' title='bbox 359 2705 388 2755; x_wconf 89' lang='lat' dir='ltr'>et</span> <span class='ocrx_word' id='word_1_207' title='bbox 400 2705 506 2773; x_wconf 86' lang='lat' dir='ltr'>postea</span> <span class='ocrx_word' id='word_1_208' title='bbox 523 2693 712 2753; x_wconf 89' lang='lat' dir='ltr'>creberrumis</span> <span class='ocrx_word' id='word_1_209' title='bbox 730 2692 829 2749; x_wconf 70' lang='lat' dir='ltr'>hilerd</span> <span class='ocrx_word' id='word_1_210' title='bbox 848 2705 911 2749; x_wconf 88' lang='lat' dir='ltr'>non</span> <span class='ocrx_word' id='word_1_211' title='bbox 931 2689 1026 2750; x_wconf 85' lang='lat' dir='ltr'>destiti</span> <span class='ocrx_word' id='word_1_212' title='bbox 1045 2703 1154 2766; x_wconf 83' lang='lat' dir='ltr'>rogare</span> 
     </span>
     <span class='ocr_line' id='line_1_27' title="bbox 208 2785 1154 2877; baseline -0.01 -20"><span class='ocrx_word' id='word_1_213' title='bbox 208 2813 238 2864; x_wconf 72' lang='lat' dir='ltr'>at</span> <span class='ocrx_word' id='word_1_214' title='bbox 263 2805 362 2877; x_wconf 87' lang='lat' dir='ltr'>petere</span> <span class='ocrx_word' id='word_1_215' title='bbox 385 2813 451 2854; x_wconf 89' lang='lat' dir='ltr'>mea</span> <span class='ocrx_word' id='word_1_216' title='bbox 475 2811 571 2866; x_wconf 81' lang='lat' dir='ltr'>causa,</span> <span class='ocrx_word' id='word_1_217' title='bbox 600 2791 723 2851; x_wconf 85' lang='lat' dir='ltr'>suadere</span> <span class='ocrx_word' id='word_1_218' title='bbox 746 2800 777 2848; x_wconf 81' lang='lat' dir='ltr'>et</span> <span class='ocrx_word' id='word_1_219' title='bbox 799 2785 908 2849; x_wconf 85' lang='lat' dir='ltr'>hortari</span> <span class='ocrx_word' id='word_1_220' title='bbox 929 2801 997 2848; x_wconf 82' lang='lat' dir='ltr'>sua:</span> <span class='ocrx_word' id='word_1_221' title='bbox 1025 2787 1154 2848; x_wconf 88' lang='lat' dir='ltr'>multum</span> 
     </span>
     <span class='ocr_line' id='line_1_28' title="bbox 209 2888 1154 2981; baseline -0.01 -26"><span class='ocrx_word' id='word_1_222' title='bbox 209 2895 329 2981; x_wconf 80' lang='lat' dir='ltr'>proieci,</span> <span class='ocrx_word' id='word_1_223' title='bbox 344 2893 396 2952; x_wconf 84' lang='lat' dir='ltr'>sed</span> <span class='ocrx_word' id='word_1_224' title='bbox 414 2901 563 2969; x_wconf 81' lang='lat' dir='ltr'>quantum,</span> <span class='ocrx_word' id='word_1_225' title='bbox 577 2907 638 2949; x_wconf 94' lang='lat' dir='ltr'>non</span> <span class='ocrx_word' id='word_1_226' title='bbox 656 2889 751 2965; x_wconf 86' lang='lat' dir='ltr'>plane,</span> <span class='ocrx_word' id='word_1_227' title='bbox 763 2888 831 2965; x_wconf 87' lang='lat' dir='ltr'>quia</span> <span class='ocrx_word' id='word_1_228' title='bbox 850 2889 938 2964; x_wconf 89' lang='lat' dir='ltr'>longe</span> <span class='ocrx_word' id='word_1_229' title='bbox 953 2891 1065 2961; x_wconf 84' lang='lat' dir='ltr'>absum,</span> <span class='ocrx_word' id='word_1_230' title='bbox 1079 2890 1154 2948; x_wconf 89' lang='lat' dir='ltr'>scio.</span> 
     </span>
     <span class='ocr_line' id='line_1_29' title="bbox 212 2986 1154 3064; baseline -0.02 0"><span class='ocrx_word' id='word_1_231' title='bbox 212 2993 382 3063; x_wconf 87' lang='lat' dir='ltr'>Salaminios</span> <span class='ocrx_word' id='word_1_232' title='bbox 399 2989 593 3052; x_wconf 84' lang='lat' dir='ltr'>autem-hos</span> <span class='ocrx_word' id='word_1_233' title='bbox 610 2989 688 3048; x_wconf 90' lang='lat' dir='ltr'>enim</span> <span class='ocrx_word' id='word_1_234' title='bbox 707 2998 838 3064; x_wconf 90' lang='lat' dir='ltr'>poteram</span> <span class='ocrx_word' id='word_1_235' title='bbox 858 2986 1154 3058; x_wconf 63' lang='lat' dir='ltr'>coercere—adduxi,</span> 
     </span>
     <span class='ocr_line' id='line_1_30' title="bbox 211 3085 1156 3165; baseline -0.014 -8"><span class='ocrx_word' id='word_1_236' title='bbox 211 3112 243 3163; x_wconf 83' lang='lat' dir='ltr'>ut</span> <span class='ocrx_word' id='word_1_237' title='bbox 263 3104 357 3157; x_wconf 86' lang='lat' dir='ltr'>totum</span> <span class='ocrx_word' id='word_1_238' title='bbox 379 3109 489 3151; x_wconf 85' lang='lat' dir='ltr'>nomen</span> <span class='ocrx_word' id='word_1_239' title='bbox 510 3088 627 3165; x_wconf 88' lang='lat' dir='ltr'>Scaptio</span> <span class='ocrx_word' id='word_1_240' title='bbox 647 3087 751 3146; x_wconf 80' lang='lat' dir='ltr'>vellent</span> <span class='ocrx_word' id='word_1_241' title='bbox 771 3088 891 3158; x_wconf 81' lang='lat' dir='ltr'>solvere,</span> <span class='ocrx_word' id='word_1_242' title='bbox 912 3085 965 3146; x_wconf 93' lang='lat' dir='ltr'>sed</span> <span class='ocrx_word' id='word_1_243' title='bbox 986 3085 1156 3145; x_wconf 79' lang='lat' dir='ltr'>centesimis</span> 
     </span>
     <span class='ocr_line' id='line_1_31' title="bbox 213 3183 1154 3269; baseline -0.017 -12"><span class='ocrx_word' id='word_1_244' title='bbox 213 3196 306 3264; x_wconf 85' lang='lat' dir='ltr'>ductis</span> <span class='ocrx_word' id='word_1_245' title='bbox 338 3210 356 3250; x_wconf 91' lang='lat' dir='ltr'>a</span> <span class='ocrx_word' id='word_1_246' title='bbox 385 3205 531 3269; x_wconf 84' lang='lat' dir='ltr'>proxuma</span> <span class='ocrx_word' id='word_1_247' title='bbox 560 3186 677 3264; x_wconf 83' lang='lat' dir='ltr'>quidem</span> <span class='ocrx_word' id='word_1_248' title='bbox 710 3184 882 3262; x_wconf 79' lang='lat' dir='ltr'>syngrapha,</span> <span class='ocrx_word' id='word_1_249' title='bbox 911 3197 966 3244; x_wconf 82' lang='lat' dir='ltr'>neo</span> <span class='ocrx_word' id='word_1_250' title='bbox 995 3183 1154 3262; x_wconf 72' lang='lat' dir='ltr'>perpetius,</span> 
     </span>
     <span class='ocr_line' id='line_1_32' title="bbox 212 3281 1155 3365; baseline -0.014 -13"><span class='ocrx_word' id='word_1_251' title='bbox 212 3297 268 3364; x_wconf 71' lang='lat' dir='ltr'>sed</span> <span class='ocrx_word' id='word_1_252' title='bbox 285 3291 428 3352; x_wconf 83' lang='lat' dir='ltr'>renovatis</span> <span class='ocrx_word' id='word_1_253' title='bbox 449 3286 611 3365; x_wconf 85' lang='lat' dir='ltr'>quotannis.</span> <span class='ocrx_word' id='word_1_254' title='bbox 653 3284 888 3344; x_wconf 84' lang='lat' dir='ltr'>Numerabanrur</span> <span class='ocrx_word' id='word_1_255' title='bbox 906 3282 1036 3341; x_wconf 84' lang='lat' dir='ltr'>nummi:</span> <span class='ocrx_word' id='word_1_256' title='bbox 1060 3281 1155 3340; x_wconf 88' lang='lat' dir='ltr'>noluit</span> 
     </span>
     <span class='ocr_line' id='line_1_33' title="bbox 214 3378 1153 3458; baseline -0.01 -13"><span class='ocrx_word' id='word_1_257' title='bbox 214 3390 357 3458; x_wconf 68' lang='lat' dir='ltr'>scaneins.</span> <span class='ocrx_word' id='word_1_258' title='bbox 398 3386 456 3456; x_wconf 86' lang='lat' dir='ltr'>Tu,</span> <span class='ocrx_word' id='word_1_259' title='bbox 478 3384 528 3458; x_wconf 91' lang='lat' dir='ltr'>qui</span> <span class='ocrx_word' id='word_1_260' title='bbox 549 3383 592 3441; x_wconf 85' lang='lat' dir='ltr'>ais</span> <span class='ocrx_word' id='word_1_261' title='bbox 612 3383 732 3439; x_wconf 87' lang='lat' dir='ltr'>Brutum</span> <span class='ocrx_word' id='word_1_262' title='bbox 753 3395 859 3454; x_wconf 85' lang='lat' dir='ltr'>cupere</span> <span class='ocrx_word' id='word_1_263' title='bbox 879 3379 989 3455; x_wconf 82' lang='lat' dir='ltr'>aliquid</span> <span class='ocrx_word' id='word_1_264' title='bbox 1008 3378 1153 3454; x_wconf 80' lang='lat' dir='ltr'>perdere?</span> 
     </span>
    </p>
   </div>
   <div class='ocr_carea' id='block_1_3' title="bbox 0 0 1245 3842">
    <p class='ocr_par' dir='ltr' id='par_1_3' title="bbox 0 0 1245 3842">
     <span class='ocr_line' id='line_1_34' title="bbox 0 0 1245 3842; baseline 0 0"><span class='ocrx_word' id='word_1_265' title='bbox 0 0 1245 3842; x_wconf 95' lang='lat' dir='ltr'> </span> 
     </span>
    </p>
   </div>
  </div>
 </body>
</html>
