2512 3844
237 207 299 266 240
508 201 546 250 ιι.
572 201 692 250 rotun
713 201 900 251 crcanortrs
1068 189 1140 272 [ears
1156 199 1186 246 v.

236 353 374 410 Pisonem
406 351 517 412 ferebat
550 354 579 412 in
613 353 734 424 caelum,
768 372 800 414 se
834 364 931 413 autem
966 352 1074 422 laetari,
1102 349 1186 426 quod

236 453 403 530 effugissem
428 453 500 514 duas
528 455 672 514 maximas
700 455 939 531 vituperationes:
969 470 1067 523 unam,
1092 469 1185 527 quam

236 553 336 610 itinere
354 551 490 611 iaciendo
509 571 556 610 me
576 553 780 628 intellegebam
800 553 955 629 suscipere,
971 551 1185 628 desperationis

236 671 270 710 ac
294 634 449 710 relictionis
474 651 514 708 rei
538 651 679 726 publicae,
701 651 803 710 flentes
827 669 943 710 mecum
968 650 1056 727 vulgo
1080 667 1185 726 quere·

235 751 348 820 bantur,
377 748 482 825 quibus
515 747 551 807 de
584 767 652 808 meo
680 750 764 808 celeri
791 750 884 809 reditu
912 768 972 808 non
1000 749 1165 824 probabam
1176 767 1184 817 ς

236 851 363 919 alteram,
385 847 421 906 de
442 865 500 924 qua
521 847 626 907 Brutus
648 859 676 907 et
697 849 747 926 qui
772 867 832 907 una
856 847 1060 908 erant-multi
1084 857 1185 905 autem

236 946 546 1015 erant—laetabantur,
561 945 642 1022 quod
661 964 727 1006 eam
748 947 987 1022 vituperationem
1005 944 1184 1021 effugissem,

237 1063 284 1103 me
300 1043 455 1102 existimari
470 1044 508 1102 ad
522 1043 668 1120 Olympia.
704 1043 773 1103 Hoc
787 1063 855 1103 vero
870 1043 940 1102 nihil
954 1044 1065 1120 turpius
1078 1042 1185 1119 quovis

236 1144 276 1202 rei
301 1141 435 1220 publicae
459 1151 600 1218 tempore,
622 1143 674 1200 sed
698 1141 756 1201 hoc
780 1143 979 1213 ἀναπολόγητον.
1021 1139 1088 1216 Ego
1114 1158 1185 1198 vero

236 1252 333 1300 austro
358 1241 464 1316 gratias
488 1241 584 1311 miras,
606 1241 656 1316 qui
679 1257 727 1299 me
751 1259 769 1298 a
794 1249 874 1300 tanta
898 1239 1017 1298 infamia
1039 1240 1185 1298 averterit.

237 1343 263 1398 6.
286 1338 472 1397 Reversionis
490 1338 543 1396 has
564 1334 740 1418 [speciosas]
764 1356 867 1398 causas
888 1327 988 1410 habes,
1007 1339 1098 1396 iustas
1120 1338 1186 1396 illas

237 1439 355 1516 quidem
384 1449 413 1496 et
439 1455 570 1513 magnas,
599 1437 652 1496 sed
679 1438 757 1496 nulla
785 1439 895 1508 iustior,
923 1455 1012 1513 quam
1040 1436 1124 1512 quod
1154 1446 1186 1494 tu

236 1538 314 1595 idem
336 1536 397 1594 aliis
418 1537 533 1596 litteris:
556 1536 703 1613 ‘provide
724 1538 747 1595 si
771 1537 818 1596 cui
844 1537 914 1612 quid
940 1536 1069 1606 debetur,
1091 1545 1126 1593 ut
1150 1537 1185 1593 sit

238 1635 315 1694 unde
330 1653 383 1711 par
396 1636 459 1711 pari
473 1635 699 1710 respondeatur;
721 1636 841 1694 mirifica
860 1637 939 1694 enim
959 1636 1123 1708 δυσχρηστία
1143 1642 1187 1692 est

239 1743 357 1811 propter
371 1742 481 1792 metum
496 1731 659 1792 armorum!
687 1733 723 1791 In
737 1734 811 1793 freto
825 1735 923 1792 medio
937 1733 1014 1792 hanc
1028 1732 1186 1809 epistolam

240 1834 304 1909 legi,
325 1842 365 1904 ut,
388 1832 458 1908 quid
484 1849 603 1908 possem
627 1833 786 1908 providere.
808 1833 837 1890 in
866 1841 994 1892 mentem
1022 1831 1092 1889 mihi
1124 1849 1187 1889 non

239 1933 356 2003 veniret,
378 1932 433 1989 nisi
457 1929 537 2008 quod
561 1949 698 2007 praesens
722 1950 770 1990 me
795 1932 857 2008 ipse
886 1930 1081 1990 defenderem.
1127 1929 1188 1989 Sed

240 2031 311 2090 haec
329 2030 485 2101 hactenus3
508 2029 618 2106 reliqua
639 2047 746 2088 coram.
792 2043 818 2104 7.
840 2029 960 2088 Antonii
979 2029 1108 2088 edictum
1128 2030 1189 2104 legi

240 2151 258 2189 a
272 2131 371 2200 Brut0,
387 2129 533 2187 ethorum
549 2137 666 2187 contra:
689 2129 827 2204 scriptum
842 2129 996 2204 praeclare.
1039 2127 1098 2187 Sed
1115 2129 1189 2205 quid
1237 2201 1238 2214 χ

240 2231 296 2285 ista
311 2227 405 2286 edicta
419 2227 530 2284 valeant
544 2237 593 2286 aut
607 2244 666 2303 quo
682 2237 822 2303 spectent,
837 2227 923 2303 plane
940 2245 1002 2285 non
1020 2226 1115 2297 vide0,
1132 2247 1188 2285 nec
1237 2227 1238 2237 ’

241 2345 299 2402 ego
324 2345 410 2397 nunc,
432 2335 464 2384 ut
488 2324 594 2386 Brutus
619 2327 764 2397 censebat,
786 2327 859 2384 istuc
884 2327 921 2384 ad
949 2343 1010 2383 rem
1037 2325 1189 2401 publicam

242 2424 453 2501 capessendam
478 2425 578 2495 venio;
604 2423 674 2500 quid
699 2424 777 2482 enim
802 2423 863 2482 fieri
887 2425 1002 2500 potest?
1027 2439 1098 2481 num
1122 2425 1190 2501 quis

218 2523 342 2582 ·Pisoni
370 2534 414 2581 est
441 2522 601 2581 adsensus?
626 2540 697 2579 num
722 2522 806 2581 rediit
834 2523 897 2599 ipse
924 2522 1083 2599 postridie?
1129 2523 1190 2582 Sed

242 2624 344 2681 abesse
365 2621 442 2680 hanc
463 2630 587 2680 aetatem
607 2621 695 2697 longe
715 2639 732 2679 a
754 2621 888 2698 sepulcro
909 2632 1018 2696 negant
1042 2633 1188 2698 oportere.

244 2722 270 2778 8.
295 2719 352 2778 Sed
366 2721 489 2778 obsecro
503 2728 539 2791 te,
555 2719 625 2796 quid
640 2718 778 2794 estquod
793 2718 890 2777 audivi
904 2719 940 2776 de
955 2717 1066 2777 Bruto?
1084 2717 1190 2777 Piliam

242 2821 406 2890 πειράζεσθαι
419 2818 605 2892 repatriante
621 2817 769 2893 scripsisse
788 2818 899 2876 alebat:
921 2816 1002 2876 Valde
1022 2835 1088 2875 sum
1106 2838 1190 2879 com·

243 2926 357 2987 motus;
378 2917 431 2975 etsi
448 2917 526 2975 idem
548 2926 575 2974 te
597 2916 720 2974 scribere
742 2933 857 2991 sperare
879 2916 989 2975 melius.
1031 2915 1078 2974 Ita
1099 2918 1190 2992 plane
1235 2925 1236 2937 ¹

243 3014 328 3072 velim
342 3025 371 3072 et
384 3015 412 3071 ei
423 3016 502 3074 dicas
516 3015 669 3091 plurimam
683 3014 806 3073 salutem
820 3023 849 3072 et
864 3015 1048 3074 suavissimae
1063 3015 1189 3076 Atticae.

243 3112 328 3170 Haec
360 3113 462 3189 scripsi
494 3113 643 3190 navigans,
671 3131 739 3172 cum
767 3111 979 3190 Pompeianum
1007 3114 1189 3187 accederem,

243 3210 395 3269 x1111.Kal.
