2454 3842
212 195 272 256 144
480 185 518 234 M.
544 185 664 238 rtrum
685 183 874 233 crosnonrs
1024 169 1094 252 [eas
1110 183 1152 229 111.

209 341 340 408 relatore,
355 337 530 414 Pompeium
549 346 578 396 et
597 334 753 396 Caesarem
768 333 906 410 coniungi
924 350 1022 410 posse.
1065 330 1153 404 Quod

210 441 233 498 si
253 438 362 496 sactum
379 437 439 508 erit,
454 454 502 495 me
522 437 591 494 satis
610 434 713 494 vixisse
733 434 852 511 putab0.
895 452 921 507 3.
943 431 1067 490 Factum
1081 429 1153 488 Cae-
1219 449 1220 494 3

211 539 281 596 saris
296 537 333 595 de
347 534 479 594 Corfinio
493 543 585 592 totum
599 544 627 592 te
642 534 831 610 probaturum
846 531 923 590 scio:
946 548 1005 606 quo
1018 529 1111 587 modo
1126 529 1154 584 in
1219 509 1220 588 l

210 637 272 694 eius
286 633 368 694 modi
386 651 426 704 re,
441 631 625 693 commodius
640 632 743 691 cadere
758 649 820 690 non
838 629 932 706 potuit
950 646 1040 704 quarn
1058 636 1092 684 ut
1110 643 1154 684 res

211 736 272 794 sine
288 733 429 809 sanguine
445 731 591 791 confieret.
633 731 718 791 Balbi
731 732 789 790 mei
807 730 907 806 tuique
921 729 1049 788 adventu
1062 726 1154 785 delec-

210 843 302 892 tatum
323 842 350 891 te
372 830 455 889 valde
477 830 610 906 gaudeo:
632 829 656 887 is
677 847 878 905 quaecumque
899 827 950 890 tibi
972 827 1010 885 de
1032 825 1155 884 Caesare

211 933 281 992 dixit
296 947 430 1008 quaeque
444 927 553 987 Caesar
567 929 688 1004 scripsit,
704 928 773 998 sci0,
788 947 818 986 re
837 926 888 984 tibi
909 923 1055 1001 probabit,
1070 941 1156 998 quae-

211 1048 336 1108 cumque
350 1029 466 1088 fortuna
480 1027 542 1087 eius
557 1027 651 1099 fuerit,
664 1027 812 1088 verissime
826 1027 982 1103 scripsisse.

414 1191 460 1244 59.
503 1184 560 1242 AD
582 1183 777 1245 ATTICUM
798 1183 881 1242 VIII.
909 1183 953 1242 16.

265 1301 330 1362 Sca.
351 1301 474 1359 Fonuns
495 1319 558 1358 an.
580 1319 619 1358 rv.
641 1297 743 1359 Nonas
764 1297 903 1360 Manrrns
923 1318 1006 1359 num.
1032 1312 1047 1373 7
1073 1311 1098 1371 5.

563 1426 666 1467 crcnno
687 1425 801 1468 Arrrco

257 1543 280 1582 1.
304 1520 404 1581 Ouum
424 1521 494 1580 mihi
513 1523 629 1598 provisa
648 1531 715 1580 sunt
733 1530 846 1598 praeter
860 1520 1007 1580 occultum
1022 1529 1052 1578 et
1065 1529 1158 1578 tutum

212 1624 265 1681 iter
279 1620 316 1679 ad
330 1637 409 1678 mare
425 1639 577 1698 superum;
599 1620 656 1678 hoc
670 1620 748 1678 enim
768 1619 841 1677 mari
860 1620 900 1678 uti
921 1637 982 1678 non
1001 1637 1159 1694 possumus

213 1722 270 1780 hoc
291 1729 421 1794 tempore
443 1719 528 1776 anni:
561 1719 626 1777 illuc
648 1728 753 1788 autern,
776 1735 835 1794 quo
857 1727 968 1794 spectat
988 1718 1104 1776 animus
1132 1726 1160 1774 et

214 1837 273 1895 quo
288 1835 333 1876 res
347 1826 440 1887 vocat,
456 1835 514 1893 qua
528 1817 661 1876 veniam?
682 1817 847 1876 cedendum
867 1817 944 1874 enim
962 1826 1006 1874 est
1021 1815 1160 1882 celeriter,

214 1937 251 1976 ne
266 1917 339 1975 lorte
354 1934 412 1992 qua
430 1934 461 1974 re
480 1916 621 1994 impediar
641 1925 727 1992 atque
742 1915 847 1990 alliger.
890 1914 920 1973 N
922 1934 955 1974 ec
968 1933 1036 1974 vero
1051 1914 1097 1972 ille
1112 1931 1161 1971 me

215 2017 302 2087 ducit,
317 2015 367 2092 qui
380 2015 499 2085 videtur,
514 2033 602 2090 quem
617 2033 673 2090 ego
686 2014 841 2079 ,hominem
860 2016 1077 2072 ἀπολιτικώτατον
1095 2032 1162 2072 om-

214 2117 297 2174 nium
310 2115 369 2173 iarn
387 2123 453 2172 ante
473 2131 642 2189 cognoram,
657 2131 735 2171 nunc
754 2130 822 2171 vero
836 2113 924 2172 etiam
937 2113 1163 2186 ἀστρατηγικῶτα-

215 2238 266 2271 τον.
309 2211 380 2270 Non
394 2229 441 2268 me
460 2211 546 2286 igitur
559 2211 583 2269 is
598 2210 684 2280 ducit,
700 2209 751 2268 sed
771 2227 868 2268 sermo
881 2209 1042 2280 hominum,
1058 2211 1110 2286 qui
1125 2210 1165 2268 ad

216 2329 263 2370 me
277 2329 295 2367 α
311 2308 464 2367 Philotimo
484 2308 616 2366 scribitur
626 2329 633 2380 ;
655 2307 679 2366 is
701 2307 780 2364 enirn
799 2325 846 2365 me
866 2308 903 2365 ab
918 2309 1107 2384 optimatibus
1123 2309 1165 2382 ait

216 2407 375 2470 conscIndi.
417 2405 532 2479 Quibus
553 2406 750 2482 optimatibus,
772 2405 801 2464 di
821 2407 907 2464 boni!
929 2407 979 2482 qui
1000 2424 1080 2465 nunc
1100 2424 1166 2482 quo

216 2508 307 2566 modo
322 2506 493 2563 occurrunt}
515 2521 575 2580 quo
589 2504 680 2562 modo
694 2513 791 2562 autem
811 2521 843 2562 se
862 2504 1010 2564 venditant
1024 2503 1147 2563 Caesari
1159 2508 1165 2561 t

217 2604 379 2680 Municipia
398 2621 467 2662 vero
489 2603 586 2673 deum,
608 2620 663 2661 nec
685 2601 828 2672 simulant,
843 2611 874 2660 ut
895 2621 963 2661 cum
985 2602 1021 2661 de
1043 2601 1093 2661 illo
1115 2621 1167 2661 ae·

217 2714 302 2780 groto
323 2711 389 2762 vota
410 2700 562 2760 faciebant.
609 2721 635 2759 a.
659 2699 717 2759 Sed
738 2701 833 2777 plane,
856 2700 993 2778 quicquid
1017 2702 1087 2758 mali
1116 2701 1167 2760 hic

217 2801 381 2858 Pisistratus
403 2817 463 2857 non
484 2799 591 2868 fecerit,
613 2807 673 2857 tam
701 2808 816 2874 gratum
837 2809 890 2871 est,
911 2817 999 2875 quam
1027 2801 1051 2858 si
1074 2799 1169 2858 aliurn

218 2900 312 2958 facere
333 2897 528 2974 prohibuerit;
550 2897 624 2954 hunc
645 2897 801 2972 propitium
821 2908 948 2974 sperant,
962 2899 1043 2958 illum
1055 2899 1169 2958 iratum

217 3005 326 3076 putant.
371 2994 454 3068 Quas
474 2996 536 3054 fieri
563 3014 666 3056 censes
687 2996 840 3066 ἀπαντήσεις
860 3015 897 3054 ex
917 2997 1050 3074 oppidis!
1088 3017 1171 3074 quos

218 3096 364 3157 honores!
401 3093 572 3153 ‘Metuunt'
601 3094 723 3170 inquies.
774 3093 880 3166 Credo,
909 3096 962 3154 sed
996 3095 1169 3156 mehercule

218 3195 298 3256 illum
317 3192 429 3270 magis:
451 3193 535 3252 huius
555 3193 695 3252 insidiosa
714 3193 867 3254 clementia
886 3194 1074 3267 delectantur,
1089 3195 1171 3258 illius

218 3292 397 3353 iracundiam
417 3291 581 3352 formidant.
624 3293 738 3354 ludices
760 3294 796 3352 de
817 3313 923 3366 ccctx,
938 3294 988 3370 qui
1007 3297 1171 3372 praecipue

219 3391 324 3451 Gnaeo
344 3399 444 3449 nostro
466 3391 689 3463 delectabantur,
704 3412 740 3452 ex
761 3394 866 3469 quibus
887 3393 1016 3470 quotidie
1038 3394 1172 3472 aliquem
