<?xml version="1.0" encoding="UTF-8"?>
<!DOCTYPE html PUBLIC "-//W3C//DTD XHTML 1.0 Transitional//EN"
    "http://www.w3.org/TR/xhtml1/DTD/xhtml1-transitional.dtd">
<html xmlns="http://www.w3.org/1999/xhtml" xml:lang="en" lang="en">
 <head>
  <title>
</title>
<meta http-equiv="Content-Type" content="text/html;charset=utf-8" />
  <meta name='ocr-system' content='tesseract 3.04.00' />
  <meta name='ocr-capabilities' content='ocr_page ocr_carea ocr_par ocr_line ocrx_word'/>
</head>
<body>
  <div class='ocr_page' id='page_1' title='image "./epistolaeselect00watsgoog/epistolaeselect00watsgoog_0061.png"; bbox 0 0 2432 3844; ppageno 0'>
   <div class='ocr_carea' id='block_1_1' title="bbox 219 205 1165 287">
    <p class='ocr_par' dir='ltr' id='par_1_1' title="bbox 219 205 1165 287">
     <span class='ocr_line' id='line_1_1' title="bbox 219 205 1165 287; baseline -0.001 -19"><span class='ocrx_word' id='word_1_1' title='bbox 219 223 261 283; x_wconf 86' lang='lat'>40</span> <span class='ocrx_word' id='word_1_2' title='bbox 493 216 529 268; x_wconf 78' lang='lat' dir='ltr'>lu.</span> <span class='ocrx_word' id='word_1_3' title='bbox 552 217 669 265; x_wconf 79' lang='lat' dir='ltr'>runnu</span> <span class='ocrx_word' id='word_1_4' title='bbox 692 217 879 266; x_wconf 75' lang='lat' dir='ltr'>nicanorus</span> <span class='ocrx_word' id='word_1_5' title='bbox 1061 205 1165 287; x_wconf 72' lang='lat' dir='ltr'>[rarsi.</span> 
     </span>
    </p>
   </div>
   <div class='ocr_carea' id='block_1_2' title="bbox 216 373 1162 2614">
    <p class='ocr_par' dir='ltr' id='par_1_2' title="bbox 216 373 1162 2614">
     <span class='ocr_line' id='line_1_2' title="bbox 218 373 1162 453; baseline -0.001 -20"><span class='ocrx_word' id='word_1_6' title='bbox 218 374 415 452; x_wconf 88' lang='lat' dir='ltr'>Theopompo</span> <span class='ocrx_word' id='word_1_7' title='bbox 429 375 574 448; x_wconf 84' lang='lat' dir='ltr'>mandavi,</span> <span class='ocrx_word' id='word_1_8' title='bbox 585 393 651 434; x_wconf 92' lang='lat' dir='ltr'>cum</span> <span class='ocrx_word' id='word_1_9' title='bbox 666 393 761 435; x_wconf 87' lang='lat' dir='ltr'>essem</span> <span class='ocrx_word' id='word_1_10' title='bbox 775 373 941 435; x_wconf 87' lang='lat' dir='ltr'>admonitus</span> <span class='ocrx_word' id='word_1_11' title='bbox 955 376 993 435; x_wconf 90' lang='lat' dir='ltr'>ab</span> <span class='ocrx_word' id='word_1_12' title='bbox 1007 375 1085 453; x_wconf 91' lang='lat' dir='ltr'>ipso,</span> <span class='ocrx_word' id='word_1_13' title='bbox 1097 374 1162 433; x_wconf 90' lang='lat' dir='ltr'>vide</span> 
     </span>
     <span class='ocr_line' id='line_1_3' title="bbox 218 472 1161 551; baseline 0 -21"><span class='ocrx_word' id='word_1_14' title='bbox 218 491 270 548; x_wconf 87' lang='lat' dir='ltr'>per</span> <span class='ocrx_word' id='word_1_15' title='bbox 287 472 420 532; x_wconf 89' lang='lat' dir='ltr'>homines</span> <span class='ocrx_word' id='word_1_16' title='bbox 439 485 572 533; x_wconf 89' lang='lat' dir='ltr'>amantes</span> <span class='ocrx_word' id='word_1_17' title='bbox 592 474 642 545; x_wconf 93' lang='lat' dir='ltr'>tui,</span> <span class='ocrx_word' id='word_1_18' title='bbox 656 474 737 551; x_wconf 92' lang='lat' dir='ltr'>quod</span> <span class='ocrx_word' id='word_1_19' title='bbox 755 485 798 534; x_wconf 88' lang='lat' dir='ltr'>est</span> <span class='ocrx_word' id='word_1_20' title='bbox 812 473 903 546; x_wconf 89' lang='lat' dir='ltr'>facile,</span> <span class='ocrx_word' id='word_1_21' title='bbox 918 484 950 533; x_wconf 89' lang='lat' dir='ltr'>ut</span> <span class='ocrx_word' id='word_1_22' title='bbox 962 473 1035 536; x_wconf 88' lang='lat' dir='ltr'>haec</span> <span class='ocrx_word' id='word_1_23' title='bbox 1051 492 1161 550; x_wconf 87' lang='lat' dir='ltr'>genera</span> 
     </span>
     <span class='ocr_line' id='line_1_4' title="bbox 217 570 1160 650; baseline 0.001 -22"><span class='ocrx_word' id='word_1_24' title='bbox 217 570 354 629; x_wconf 87' lang='lat' dir='ltr'>tollantur</span> <span class='ocrx_word' id='word_1_25' title='bbox 375 572 569 648; x_wconf 86' lang='lat' dir='ltr'>epistolarum,</span> <span class='ocrx_word' id='word_1_26' title='bbox 587 573 713 648; x_wconf 87' lang='lat' dir='ltr'>primum</span> <span class='ocrx_word' id='word_1_27' title='bbox 731 573 902 650; x_wconf 90' lang='lat' dir='ltr'>iniquarum,</span> <span class='ocrx_word' id='word_1_28' title='bbox 917 572 1023 632; x_wconf 90' lang='lat' dir='ltr'>deinde</span> <span class='ocrx_word' id='word_1_29' title='bbox 1042 583 1160 631; x_wconf 86' lang='lat' dir='ltr'>contra·</span> 
     </span>
     <span class='ocr_line' id='line_1_5' title="bbox 218 669 1159 749; baseline -0.001 -22"><span class='ocrx_word' id='word_1_30' title='bbox 218 669 335 741; x_wconf 90' lang='lat' dir='ltr'>riarum,</span> <span class='ocrx_word' id='word_1_31' title='bbox 349 678 410 728; x_wconf 91' lang='lat' dir='ltr'>tum</span> <span class='ocrx_word' id='word_1_32' title='bbox 425 671 548 730; x_wconf 81' lang='lat' dir='ltr'>absurde</span> <span class='ocrx_word' id='word_1_33' title='bbox 563 680 591 729; x_wconf 91' lang='lat' dir='ltr'>et</span> <span class='ocrx_word' id='word_1_34' title='bbox 610 671 746 732; x_wconf 87' lang='lat' dir='ltr'>inusitate</span> <span class='ocrx_word' id='word_1_35' title='bbox 764 673 945 749; x_wconf 91' lang='lat' dir='ltr'>scriptarum,</span> <span class='ocrx_word' id='word_1_36' title='bbox 959 680 1113 746; x_wconf 90' lang='lat' dir='ltr'>postremo</span> <span class='ocrx_word' id='word_1_37' title='bbox 1132 671 1159 727; x_wconf 92' lang='lat' dir='ltr'>in</span> 
     </span>
     <span class='ocr_line' id='line_1_6' title="bbox 218 767 1157 848; baseline 0 -22"><span class='ocrx_word' id='word_1_38' title='bbox 218 767 343 845; x_wconf 79' lang='lat' dir='ltr'>aliquem</span> <span class='ocrx_word' id='word_1_39' title='bbox 366 770 650 829; x_wconf 89' lang='lat' dir='ltr'>contumeliosarum.</span> <span class='ocrx_word' id='word_1_40' title='bbox 691 769 789 848; x_wconf 88' lang='lat' dir='ltr'>Atque</span> <span class='ocrx_word' id='word_1_41' title='bbox 812 789 869 846; x_wconf 88' lang='lat' dir='ltr'>ego</span> <span class='ocrx_word' id='word_1_42' title='bbox 896 769 968 828; x_wconf 92' lang='lat' dir='ltr'>baec</span> <span class='ocrx_word' id='word_1_43' title='bbox 995 778 1057 827; x_wconf 91' lang='lat' dir='ltr'>tam</span> <span class='ocrx_word' id='word_1_44' title='bbox 1086 786 1157 838; x_wconf 89' lang='lat' dir='ltr'>esse,</span> 
     </span>
     <span class='ocr_line' id='line_1_7' title="bbox 218 867 1158 944; baseline -0.001 -18"><span class='ocrx_word' id='word_1_45' title='bbox 218 885 305 944; x_wconf 91' lang='lat' dir='ltr'>quam</span> <span class='ocrx_word' id='word_1_46' title='bbox 329 867 425 937; x_wconf 85' lang='lat' dir='ltr'>audio,</span> <span class='ocrx_word' id='word_1_47' title='bbox 447 885 509 927; x_wconf 90' lang='lat' dir='ltr'>non</span> <span class='ocrx_word' id='word_1_48' title='bbox 531 878 611 944; x_wconf 87' lang='lat' dir='ltr'>puto,</span> <span class='ocrx_word' id='word_1_49' title='bbox 637 877 674 939; x_wconf 92' lang='lat' dir='ltr'>et,</span> <span class='ocrx_word' id='word_1_50' title='bbox 694 868 719 927; x_wconf 91' lang='lat' dir='ltr'>si</span> <span class='ocrx_word' id='word_1_51' title='bbox 741 877 807 927; x_wconf 92' lang='lat' dir='ltr'>sunt</span> <span class='ocrx_word' id='word_1_52' title='bbox 835 867 1076 944; x_wconf 86' lang='lat' dir='ltr'>occupationibus</span> <span class='ocrx_word' id='word_1_53' title='bbox 1104 867 1158 925; x_wconf 89' lang='lat' dir='ltr'>tuis</span> 
     </span>
     <span class='ocr_line' id='line_1_8' title="bbox 217 964 1156 1042; baseline -0.001 -18"><span class='ocrx_word' id='word_1_54' title='bbox 217 966 312 1025; x_wconf 92' lang='lat' dir='ltr'>minus</span> <span class='ocrx_word' id='word_1_55' title='bbox 334 966 540 1038; x_wconf 85' lang='lat' dir='ltr'>animadversa,</span> <span class='ocrx_word' id='word_1_56' title='bbox 555 985 634 1025; x_wconf 93' lang='lat' dir='ltr'>nunc</span> <span class='ocrx_word' id='word_1_57' title='bbox 651 967 782 1042; x_wconf 90' lang='lat' dir='ltr'>perspice</span> <span class='ocrx_word' id='word_1_58' title='bbox 801 977 830 1024; x_wconf 90' lang='lat' dir='ltr'>et</span> <span class='ocrx_word' id='word_1_59' title='bbox 848 985 949 1042; x_wconf 86' lang='lat' dir='ltr'>purga.</span> <span class='ocrx_word' id='word_1_60' title='bbox 990 964 1066 1042; x_wconf 87' lang='lat' dir='ltr'>Legi</span> <span class='ocrx_word' id='word_1_61' title='bbox 1083 965 1156 1040; x_wconf 90' lang='lat' dir='ltr'>epis·</span> 
     </span>
     <span class='ocr_line' id='line_1_9' title="bbox 217 1064 1155 1141; baseline -0.002 -19"><span class='ocrx_word' id='word_1_62' title='bbox 217 1064 315 1135; x_wconf 92' lang='lat' dir='ltr'>tolam,</span> <span class='ocrx_word' id='word_1_63' title='bbox 329 1082 417 1140; x_wconf 90' lang='lat' dir='ltr'>quam</span> <span class='ocrx_word' id='word_1_64' title='bbox 435 1065 498 1141; x_wconf 93' lang='lat' dir='ltr'>ipse</span> <span class='ocrx_word' id='word_1_65' title='bbox 518 1065 666 1140; x_wconf 88' lang='lat' dir='ltr'>scripsisse</span> <span class='ocrx_word' id='word_1_66' title='bbox 686 1064 764 1123; x_wconf 90' lang='lat' dir='ltr'>Sulla</span> <span class='ocrx_word' id='word_1_67' title='bbox 782 1064 982 1123; x_wconf 89' lang='lat' dir='ltr'>nomenclator</span> <span class='ocrx_word' id='word_1_68' title='bbox 996 1064 1093 1124; x_wconf 91' lang='lat' dir='ltr'>dictus</span> <span class='ocrx_word' id='word_1_69' title='bbox 1106 1071 1155 1132; x_wconf 88' lang='lat' dir='ltr'>est,</span> 
     </span>
     <span class='ocr_line' id='line_1_10' title="bbox 218 1162 1155 1239; baseline 0 -19"><span class='ocrx_word' id='word_1_70' title='bbox 218 1181 279 1221; x_wconf 91' lang='lat' dir='ltr'>non</span> <span class='ocrx_word' id='word_1_71' title='bbox 303 1163 500 1239; x_wconf 87' lang='lat' dir='ltr'>probandam;</span> <span class='ocrx_word' id='word_1_72' title='bbox 529 1163 586 1239; x_wconf 89' lang='lat' dir='ltr'>legi</span> <span class='ocrx_word' id='word_1_73' title='bbox 614 1181 674 1224; x_wconf 92' lang='lat' dir='ltr'>non</span> <span class='ocrx_word' id='word_1_74' title='bbox 702 1164 794 1223; x_wconf 92' lang='lat' dir='ltr'>nullas</span> <span class='ocrx_word' id='word_1_75' title='bbox 822 1163 983 1223; x_wconf 87' lang='lat' dir='ltr'>iracundas.</span> <span class='ocrx_word' id='word_1_76' title='bbox 1029 1182 1075 1222; x_wconf 89' lang='lat'>10.</span> <span class='ocrx_word' id='word_1_77' title='bbox 1100 1162 1155 1221; x_wconf 91' lang='lat' dir='ltr'>Sed</span> 
     </span>
     <span class='ocr_line' id='line_1_11' title="bbox 217 1260 1154 1338; baseline 0.003 -21"><span class='ocrx_word' id='word_1_78' title='bbox 217 1270 348 1335; x_wconf 90' lang='lat' dir='ltr'>tempore</span> <span class='ocrx_word' id='word_1_79' title='bbox 364 1260 429 1335; x_wconf 91' lang='lat' dir='ltr'>ipso</span> <span class='ocrx_word' id='word_1_80' title='bbox 449 1260 485 1319; x_wconf 87' lang='lat' dir='ltr'>de</span> <span class='ocrx_word' id='word_1_81' title='bbox 505 1261 648 1337; x_wconf 90' lang='lat' dir='ltr'>epistolis:</span> <span class='ocrx_word' id='word_1_82' title='bbox 670 1280 739 1320; x_wconf 87' lang='lat' dir='ltr'>nam</span> <span class='ocrx_word' id='word_1_83' title='bbox 758 1280 826 1320; x_wconf 90' lang='lat' dir='ltr'>cum</span> <span class='ocrx_word' id='word_1_84' title='bbox 844 1261 920 1320; x_wconf 92' lang='lat' dir='ltr'>banc</span> <span class='ocrx_word' id='word_1_85' title='bbox 938 1263 1078 1338; x_wconf 85' lang='lat' dir='ltr'>paginam</span> <span class='ocrx_word' id='word_1_86' title='bbox 1096 1271 1154 1320; x_wconf 90' lang='lat' dir='ltr'>ten·</span> 
     </span>
     <span class='ocr_line' id='line_1_12' title="bbox 217 1358 1154 1436; baseline 0 -19"><span class='ocrx_word' id='word_1_87' title='bbox 217 1377 303 1429; x_wconf 91' lang='lat' dir='ltr'>erem,</span> <span class='ocrx_word' id='word_1_88' title='bbox 323 1359 355 1416; x_wconf 94' lang='lat' dir='ltr'>L.</span> <span class='ocrx_word' id='word_1_89' title='bbox 375 1358 497 1431; x_wconf 87' lang='lat' dir='ltr'>Flavius,</span> <span class='ocrx_word' id='word_1_90' title='bbox 515 1371 628 1436; x_wconf 89' lang='lat' dir='ltr'>praetor</span> <span class='ocrx_word' id='word_1_91' title='bbox 647 1361 825 1436; x_wconf 87' lang='lat' dir='ltr'>designatus,</span> <span class='ocrx_word' id='word_1_92' title='bbox 844 1360 948 1419; x_wconf 89' lang='lat' dir='ltr'>adme</span> <span class='ocrx_word' id='word_1_93' title='bbox 966 1360 1154 1431; x_wconf 83' lang='lat' dir='ltr'>venithomo</span> 
     </span>
     <span class='ocr_line' id='line_1_13' title="bbox 217 1455 1153 1534; baseline 0.002 -20"><span class='ocrx_word' id='word_1_94' title='bbox 217 1457 287 1515; x_wconf 92' lang='lat' dir='ltr'>mihi</span> <span class='ocrx_word' id='word_1_95' title='bbox 306 1455 389 1516; x_wconf 87' lang='lat' dir='ltr'>valde</span> <span class='ocrx_word' id='word_1_96' title='bbox 410 1457 564 1518; x_wconf 87' lang='lat' dir='ltr'>familiaris.</span> <span class='ocrx_word' id='word_1_97' title='bbox 607 1459 637 1518; x_wconf 93' lang='lat' dir='ltr'>Is</span> <span class='ocrx_word' id='word_1_98' title='bbox 658 1458 737 1530; x_wconf 91' lang='lat' dir='ltr'>mihi,</span> <span class='ocrx_word' id='word_1_99' title='bbox 757 1468 786 1517; x_wconf 92' lang='lat' dir='ltr'>te</span> <span class='ocrx_word' id='word_1_100' title='bbox 806 1460 845 1518; x_wconf 89' lang='lat' dir='ltr'>ad</span> <span class='ocrx_word' id='word_1_101' title='bbox 864 1469 1068 1534; x_wconf 88' lang='lat' dir='ltr'>procuratores</span> <span class='ocrx_word' id='word_1_102' title='bbox 1089 1476 1153 1518; x_wconf 90' lang='lat' dir='ltr'>suos</span> 
     </span>
     <span class='ocr_line' id='line_1_14' title="bbox 217 1556 1152 1634; baseline 0 -20"><span class='ocrx_word' id='word_1_103' title='bbox 217 1557 324 1614; x_wconf 89' lang='lat' dir='ltr'>litteras</span> <span class='ocrx_word' id='word_1_104' title='bbox 339 1556 460 1627; x_wconf 89' lang='lat' dir='ltr'>misisse,</span> <span class='ocrx_word' id='word_1_105' title='bbox 472 1575 547 1632; x_wconf 90' lang='lat' dir='ltr'>quae</span> <span class='ocrx_word' id='word_1_106' title='bbox 562 1557 633 1616; x_wconf 89' lang='lat' dir='ltr'>mihi</span> <span class='ocrx_word' id='word_1_107' title='bbox 647 1558 723 1616; x_wconf 91' lang='lat' dir='ltr'>visae</span> <span class='ocrx_word' id='word_1_108' title='bbox 739 1566 805 1616; x_wconf 92' lang='lat' dir='ltr'>sunt</span> <span class='ocrx_word' id='word_1_109' title='bbox 818 1557 1023 1634; x_wconf 91' lang='lat' dir='ltr'>iniquissimae,</span> <span class='ocrx_word' id='word_1_110' title='bbox 1035 1575 1073 1616; x_wconf 92' lang='lat' dir='ltr'>ne</span> <span class='ocrx_word' id='word_1_111' title='bbox 1088 1557 1152 1634; x_wconf 91' lang='lat' dir='ltr'>quid</span> 
     </span>
     <span class='ocr_line' id='line_1_15' title="bbox 219 1654 1151 1732; baseline -0.001 -19"><span class='ocrx_word' id='word_1_112' title='bbox 219 1656 255 1714; x_wconf 92' lang='lat' dir='ltr'>de</span> <span class='ocrx_word' id='word_1_113' title='bbox 269 1655 364 1726; x_wconf 89' lang='lat' dir='ltr'>bonis,</span> <span class='ocrx_word' id='word_1_114' title='bbox 378 1673 452 1732; x_wconf 92' lang='lat' dir='ltr'>quae</span> <span class='ocrx_word' id='word_1_115' title='bbox 467 1654 500 1713; x_wconf 91' lang='lat' dir='ltr'>L.</span> <span class='ocrx_word' id='word_1_116' title='bbox 517 1655 629 1716; x_wconf 87' lang='lat' dir='ltr'>Octavii</span> <span class='ocrx_word' id='word_1_117' title='bbox 644 1655 771 1715; x_wconf 88' lang='lat' dir='ltr'>Nasonis</span> <span class='ocrx_word' id='word_1_118' title='bbox 786 1654 913 1727; x_wconf 84' lang='lat' dir='ltr'>fuissent,</span> <span class='ocrx_word' id='word_1_119' title='bbox 929 1657 975 1715; x_wconf 92' lang='lat' dir='ltr'>cui</span> <span class='ocrx_word' id='word_1_120' title='bbox 991 1655 1026 1716; x_wconf 89' lang='lat' dir='ltr'>L.</span> <span class='ocrx_word' id='word_1_121' title='bbox 1042 1656 1151 1715; x_wconf 87' lang='lat' dir='ltr'>Flavius</span> 
     </span>
     <span class='ocr_line' id='line_1_16' title="bbox 216 1753 1150 1831; baseline -0.006 -15"><span class='ocrx_word' id='word_1_122' title='bbox 216 1753 301 1816; x_wconf 89' lang='lat' dir='ltr'>heres</span> <span class='ocrx_word' id='word_1_123' title='bbox 315 1763 365 1822; x_wconf 91' lang='lat' dir='ltr'>est,</span> <span class='ocrx_word' id='word_1_124' title='bbox 381 1753 579 1812; x_wconf 90' lang='lat' dir='ltr'>deminuerent</span> <span class='ocrx_word' id='word_1_125' title='bbox 593 1763 668 1824; x_wconf 89' lang='lat' dir='ltr'>ante,</span> <span class='ocrx_word' id='word_1_126' title='bbox 684 1772 772 1831; x_wconf 88' lang='lat' dir='ltr'>quam</span> <span class='ocrx_word' id='word_1_127' title='bbox 788 1753 820 1813; x_wconf 89' lang='lat' dir='ltr'>C.</span> <span class='ocrx_word' id='word_1_128' title='bbox 833 1753 987 1812; x_wconf 89' lang='lat' dir='ltr'>Fundanio</span> <span class='ocrx_word' id='word_1_129' title='bbox 1001 1754 1150 1830; x_wconf 91' lang='lat' dir='ltr'>pecuniam</span> 
     </span>
     <span class='ocr_line' id='line_1_17' title="bbox 218 1851 1150 1929; baseline 0 -21"><span class='ocrx_word' id='word_1_130' title='bbox 218 1851 384 1923; x_wconf 91' lang='lat' dir='ltr'>solvissent;</span> <span class='ocrx_word' id='word_1_131' title='bbox 410 1852 536 1928; x_wconf 90' lang='lat' dir='ltr'>itemque</span> <span class='ocrx_word' id='word_1_132' title='bbox 564 1853 679 1912; x_wconf 90' lang='lat' dir='ltr'>misisse</span> <span class='ocrx_word' id='word_1_133' title='bbox 706 1853 745 1912; x_wconf 90' lang='lat' dir='ltr'>ad</span> <span class='ocrx_word' id='word_1_134' title='bbox 772 1853 1028 1929; x_wconf 86' lang='lat' dir='ltr'>Apollonidenses,</span> <span class='ocrx_word' id='word_1_135' title='bbox 1053 1870 1092 1910; x_wconf 91' lang='lat' dir='ltr'>ne</span> <span class='ocrx_word' id='word_1_136' title='bbox 1118 1851 1150 1909; x_wconf 92' lang='lat' dir='ltr'>de</span> 
     </span>
     <span class='ocr_line' id='line_1_18' title="bbox 217 1948 1148 2025; baseline -0.002 -17"><span class='ocrx_word' id='word_1_137' title='bbox 217 1949 311 2020; x_wconf 88' lang='lat' dir='ltr'>bonis,</span> <span class='ocrx_word' id='word_1_138' title='bbox 334 1967 408 2025; x_wconf 89' lang='lat' dir='ltr'>quae</span> <span class='ocrx_word' id='word_1_139' title='bbox 432 1948 545 2009; x_wconf 91' lang='lat' dir='ltr'>Octavii</span> <span class='ocrx_word' id='word_1_140' title='bbox 569 1949 700 2022; x_wconf 86' lang='lat' dir='ltr'>fuissent,</span> <span class='ocrx_word' id='word_1_141' title='bbox 725 1950 852 2009; x_wconf 89' lang='lat' dir='ltr'>deminui</span> <span class='ocrx_word' id='word_1_142' title='bbox 878 1958 1044 2025; x_wconf 89' lang='lat' dir='ltr'>paterentur</span> <span class='ocrx_word' id='word_1_143' title='bbox 1068 1951 1148 2025; x_wconf 89' lang='lat' dir='ltr'>prius,</span> 
     </span>
     <span class='ocr_line' id='line_1_19' title="bbox 218 2046 1149 2124; baseline -0.004 -18"><span class='ocrx_word' id='word_1_144' title='bbox 218 2066 305 2124; x_wconf 88' lang='lat' dir='ltr'>quam</span> <span class='ocrx_word' id='word_1_145' title='bbox 319 2046 472 2106; x_wconf 86' lang='lat' dir='ltr'>Fundanio</span> <span class='ocrx_word' id='word_1_146' title='bbox 487 2047 615 2107; x_wconf 87' lang='lat' dir='ltr'>debitum</span> <span class='ocrx_word' id='word_1_147' title='bbox 633 2047 759 2106; x_wconf 90' lang='lat' dir='ltr'>solutum</span> <span class='ocrx_word' id='word_1_148' title='bbox 779 2056 863 2108; x_wconf 91' lang='lat' dir='ltr'>esset.</span> <span class='ocrx_word' id='word_1_149' title='bbox 905 2047 989 2105; x_wconf 88' lang='lat' dir='ltr'>Haec</span> <span class='ocrx_word' id='word_1_150' title='bbox 1007 2046 1080 2106; x_wconf 87' lang='lat' dir='ltr'>mihi</span> <span class='ocrx_word' id='word_1_151' title='bbox 1097 2047 1149 2105; x_wconf 93' lang='lat' dir='ltr'>veri</span> 
     </span>
     <span class='ocr_line' id='line_1_20' title="bbox 218 2145 1148 2221; baseline -0.003 -16"><span class='ocrx_word' id='word_1_152' title='bbox 218 2146 320 2206; x_wconf 88' lang='lat' dir='ltr'>similia</span> <span class='ocrx_word' id='word_1_153' title='bbox 344 2164 404 2206; x_wconf 93' lang='lat' dir='ltr'>non</span> <span class='ocrx_word' id='word_1_154' title='bbox 429 2145 576 2218; x_wconf 89' lang='lat' dir='ltr'>videntur;</span> <span class='ocrx_word' id='word_1_155' title='bbox 603 2155 669 2204; x_wconf 91' lang='lat' dir='ltr'>sunt</span> <span class='ocrx_word' id='word_1_156' title='bbox 689 2146 768 2204; x_wconf 87' lang='lat' dir='ltr'>enim</span> <span class='ocrx_word' id='word_1_157' title='bbox 789 2145 971 2221; x_wconf 89' lang='lat' dir='ltr'>aprudentia</span> <span class='ocrx_word' id='word_1_158' title='bbox 991 2153 1041 2202; x_wconf 88' lang='lat' dir='ltr'>tua</span> <span class='ocrx_word' id='word_1_159' title='bbox 1061 2162 1148 2203; x_wconf 90' lang='lat' dir='ltr'>remo·</span> 
     </span>
     <span class='ocr_line' id='line_1_21' title="bbox 217 2241 1148 2320; baseline -0.003 -17"><span class='ocrx_word' id='word_1_160' title='bbox 217 2245 336 2305; x_wconf 90' lang='lat' dir='ltr'>tissima.</span> <span class='ocrx_word' id='word_1_161' title='bbox 379 2244 443 2303; x_wconf 89' lang='lat' dir='ltr'>‘Ne</span> <span class='ocrx_word' id='word_1_162' title='bbox 459 2245 606 2304; x_wconf 89' lang='lat' dir='ltr'>deminuat</span> <span class='ocrx_word' id='word_1_163' title='bbox 619 2243 740 2303; x_wconf 82' lang='lat' dir='ltr'>heresl&#39;</span> <span class='ocrx_word' id='word_1_164' title='bbox 779 2242 897 2320; x_wconf 88' lang='lat' dir='ltr'>Quidsi</span> <span class='ocrx_word' id='word_1_165' title='bbox 911 2243 1065 2300; x_wconf 84' lang='lat' dir='ltr'>infitiatur?</span> <span class='ocrx_word' id='word_1_166' title='bbox 1085 2241 1148 2319; x_wconf 89' lang='lat' dir='ltr'>quid</span> 
     </span>
     <span class='ocr_line' id='line_1_22' title="bbox 218 2341 1147 2419; baseline -0.006 -17"><span class='ocrx_word' id='word_1_167' title='bbox 218 2345 241 2402; x_wconf 92' lang='lat' dir='ltr'>si</span> <span class='ocrx_word' id='word_1_168' title='bbox 255 2344 376 2404; x_wconf 92' lang='lat' dir='ltr'>omnino</span> <span class='ocrx_word' id='word_1_169' title='bbox 391 2362 453 2402; x_wconf 91' lang='lat' dir='ltr'>non</span> <span class='ocrx_word' id='word_1_170' title='bbox 467 2342 573 2403; x_wconf 87' lang='lat' dir='ltr'>debet?</span> <span class='ocrx_word' id='word_1_171' title='bbox 587 2343 676 2419; x_wconf 84' lang='lat' dir='ltr'>quid?</span> <span class='ocrx_word' id='word_1_172' title='bbox 690 2351 805 2417; x_wconf 89' lang='lat' dir='ltr'>praetor</span> <span class='ocrx_word' id='word_1_173' title='bbox 819 2341 891 2400; x_wconf 91' lang='lat' dir='ltr'>solet</span> <span class='ocrx_word' id='word_1_174' title='bbox 902 2341 1026 2400; x_wconf 88' lang='lat' dir='ltr'>iudicare</span> <span class='ocrx_word' id='word_1_175' title='bbox 1037 2341 1147 2400; x_wconf 80' lang='lat' dir='ltr'>deberi?</span> 
     </span>
     <span class='ocr_line' id='line_1_23' title="bbox 218 2439 1148 2517; baseline -0.004 -19"><span class='ocrx_word' id='word_1_176' title='bbox 218 2440 317 2513; x_wconf 87' lang='lat' dir='ltr'>Quid?</span> <span class='ocrx_word' id='word_1_177' title='bbox 338 2459 393 2517; x_wconf 88' lang='lat' dir='ltr'>ego</span> <span class='ocrx_word' id='word_1_178' title='bbox 408 2441 560 2500; x_wconf 87' lang='lat' dir='ltr'>Fundanio</span> <span class='ocrx_word' id='word_1_179' title='bbox 578 2458 639 2499; x_wconf 91' lang='lat' dir='ltr'>non</span> <span class='ocrx_word' id='word_1_180' title='bbox 654 2439 761 2516; x_wconf 80' lang='lat' dir='ltr'>cupio?</span> <span class='ocrx_word' id='word_1_181' title='bbox 780 2458 842 2499; x_wconf 91' lang='lat' dir='ltr'>non</span> <span class='ocrx_word' id='word_1_182' title='bbox 860 2440 970 2498; x_wconf 88' lang='lat' dir='ltr'>amicus</span> <span class='ocrx_word' id='word_1_183' title='bbox 989 2441 1074 2508; x_wconf 83' lang='lat' dir='ltr'>sum?</span> <span class='ocrx_word' id='word_1_184' title='bbox 1094 2456 1148 2498; x_wconf 92' lang='lat' dir='ltr'>non</span> 
     </span>
     <span class='ocr_line' id='line_1_24' title="bbox 217 2536 1148 2614; baseline -0.003 -17"><span class='ocrx_word' id='word_1_185' title='bbox 217 2539 411 2598; x_wconf 91' lang='lat' dir='ltr'>misericordia</span> <span class='ocrx_word' id='word_1_186' title='bbox 434 2539 573 2598; x_wconf 83' lang='lat' dir='ltr'>moveor?</span> <span class='ocrx_word' id='word_1_187' title='bbox 608 2536 705 2596; x_wconf 90' lang='lat' dir='ltr'>Nemo</span> <span class='ocrx_word' id='word_1_188' title='bbox 729 2539 840 2614; x_wconf 87' lang='lat' dir='ltr'>magis;</span> <span class='ocrx_word' id='word_1_189' title='bbox 864 2537 916 2597; x_wconf 90' lang='lat' dir='ltr'>sed</span> <span class='ocrx_word' id='word_1_190' title='bbox 936 2537 978 2596; x_wconf 93' lang='lat' dir='ltr'>vis</span> <span class='ocrx_word' id='word_1_191' title='bbox 1002 2538 1071 2597; x_wconf 86' lang='lat' dir='ltr'>iuris</span> <span class='ocrx_word' id='word_1_192' title='bbox 1093 2539 1148 2596; x_wconf 90' lang='lat' dir='ltr'>eius</span> 
     </span>
    </p>
   </div>
   <div class='ocr_carea' id='block_1_3' title="bbox 217 2636 1193 2714">
    <p class='ocr_par' dir='ltr' id='par_1_3' title="bbox 217 2636 1193 2714">
     <span class='ocr_line' id='line_1_25' title="bbox 217 2636 1193 2714; baseline 0 -19"><span class='ocrx_word' id='word_1_193' title='bbox 217 2637 297 2710; x_wconf 89' lang='lat' dir='ltr'>modi</span> <span class='ocrx_word' id='word_1_194' title='bbox 319 2647 363 2696; x_wconf 89' lang='lat' dir='ltr'>est</span> <span class='ocrx_word' id='word_1_195' title='bbox 383 2637 556 2712; x_wconf 85' lang='lat' dir='ltr'>quibusdam</span> <span class='ocrx_word' id='word_1_196' title='bbox 578 2636 609 2694; x_wconf 94' lang='lat' dir='ltr'>in</span> <span class='ocrx_word' id='word_1_197' title='bbox 633 2637 728 2708; x_wconf 89' lang='lat' dir='ltr'>rebus,</span> <span class='ocrx_word' id='word_1_198' title='bbox 750 2647 781 2695; x_wconf 95' lang='lat' dir='ltr'>ut</span> <span class='ocrx_word' id='word_1_199' title='bbox 805 2636 876 2694; x_wconf 90' lang='lat' dir='ltr'>nihil</span> <span class='ocrx_word' id='word_1_200' title='bbox 900 2637 935 2695; x_wconf 91' lang='lat' dir='ltr'>sit</span> <span class='ocrx_word' id='word_1_201' title='bbox 958 2636 1015 2694; x_wconf 93' lang='lat' dir='ltr'>loci</span> <span class='ocrx_word' id='word_1_202' title='bbox 1039 2637 1147 2712; x_wconf 89' lang='lat' dir='ltr'>gratiae.</span> <span class='ocrx_word' id='word_1_203' title='bbox 1189 2695 1193 2714; x_wconf 56' lang='lat'>,</span> 
     </span>
    </p>
   </div>
   <div class='ocr_carea' id='block_1_4' title="bbox 217 2735 1148 3504">
    <p class='ocr_par' dir='ltr' id='par_1_4' title="bbox 217 2735 1148 3504">
     <span class='ocr_line' id='line_1_26' title="bbox 219 2735 1148 2812; baseline 0.001 -19"><span class='ocrx_word' id='word_1_204' title='bbox 219 2735 314 2812; x_wconf 88' lang='lat' dir='ltr'>Atque</span> <span class='ocrx_word' id='word_1_205' title='bbox 335 2737 375 2793; x_wconf 89' lang='lat' dir='ltr'>ita</span> <span class='ocrx_word' id='word_1_206' title='bbox 395 2735 466 2793; x_wconf 90' lang='lat' dir='ltr'>mihi</span> <span class='ocrx_word' id='word_1_207' title='bbox 487 2735 601 2794; x_wconf 84' lang='lat' dir='ltr'>dicebat</span> <span class='ocrx_word' id='word_1_208' title='bbox 624 2735 737 2794; x_wconf 84' lang='lat' dir='ltr'>Flavius</span> <span class='ocrx_word' id='word_1_209' title='bbox 759 2737 898 2811; x_wconf 91' lang='lat' dir='ltr'>scriptum</span> <span class='ocrx_word' id='word_1_210' title='bbox 919 2735 950 2793; x_wconf 92' lang='lat' dir='ltr'>in</span> <span class='ocrx_word' id='word_1_211' title='bbox 971 2752 1006 2793; x_wconf 88' lang='lat' dir='ltr'>ea</span> <span class='ocrx_word' id='word_1_212' title='bbox 1028 2735 1148 2811; x_wconf 88' lang='lat' dir='ltr'>epistola,</span> 
     </span>
     <span class='ocr_line' id='line_1_27' title="bbox 218 2833 1148 2912; baseline -0.001 -20"><span class='ocrx_word' id='word_1_213' title='bbox 218 2853 305 2912; x_wconf 90' lang='lat' dir='ltr'>quam</span> <span class='ocrx_word' id='word_1_214' title='bbox 320 2845 400 2894; x_wconf 91' lang='lat' dir='ltr'>tuam</span> <span class='ocrx_word' id='word_1_215' title='bbox 414 2852 478 2893; x_wconf 91' lang='lat' dir='ltr'>esse</span> <span class='ocrx_word' id='word_1_216' title='bbox 500 2833 622 2905; x_wconf 91' lang='lat' dir='ltr'>dicebat,</span> <span class='ocrx_word' id='word_1_217' title='bbox 637 2844 666 2893; x_wconf 91' lang='lat' dir='ltr'>te</span> <span class='ocrx_word' id='word_1_218' title='bbox 685 2843 735 2893; x_wconf 92' lang='lat' dir='ltr'>aut</span> <span class='ocrx_word' id='word_1_219' title='bbox 754 2835 837 2911; x_wconf 90' lang='lat' dir='ltr'>quasi</span> <span class='ocrx_word' id='word_1_220' title='bbox 856 2834 957 2892; x_wconf 92' lang='lat' dir='ltr'>amicis</span> <span class='ocrx_word' id='word_1_221' title='bbox 975 2833 1031 2892; x_wconf 88' lang='lat' dir='ltr'>tuis</span> <span class='ocrx_word' id='word_1_222' title='bbox 1050 2834 1148 2908; x_wconf 88' lang='lat' dir='ltr'>gratias</span> 
     </span>
     <span class='ocr_line' id='line_1_28' title="bbox 217 2931 1147 3010; baseline -0.005 -15"><span class='ocrx_word' id='word_1_223' title='bbox 217 2945 348 2995; x_wconf 86' lang='lat' dir='ltr'>acturum</span> <span class='ocrx_word' id='word_1_224' title='bbox 369 2942 419 2992; x_wconf 93' lang='lat' dir='ltr'>aut</span> <span class='ocrx_word' id='word_1_225' title='bbox 439 2934 521 3010; x_wconf 92' lang='lat' dir='ltr'>quasi</span> <span class='ocrx_word' id='word_1_226' title='bbox 542 2933 665 2991; x_wconf 90' lang='lat' dir='ltr'>inimicis</span> <span class='ocrx_word' id='word_1_227' title='bbox 687 2931 874 2991; x_wconf 89' lang='lat' dir='ltr'>incommoda</span> <span class='ocrx_word' id='word_1_228' title='bbox 895 2931 1066 2992; x_wconf 85' lang='lat' dir='ltr'>adlaturum.</span> <span class='ocrx_word' id='word_1_229' title='bbox 1109 2951 1147 2990; x_wconf 91' lang='lat'>11.</span> 
     </span>
     <span class='ocr_line' id='line_1_29' title="bbox 219 3030 1147 3106; baseline -0.003 -14"><span class='ocrx_word' id='word_1_230' title='bbox 219 3034 298 3106; x_wconf 93' lang='lat' dir='ltr'>Quid</span> <span class='ocrx_word' id='word_1_231' title='bbox 325 3033 435 3092; x_wconf 82' lang='lat' dir='ltr'>multa?</span> <span class='ocrx_word' id='word_1_232' title='bbox 475 3031 598 3090; x_wconf 87' lang='lat' dir='ltr'>Ferebat</span> <span class='ocrx_word' id='word_1_233' title='bbox 625 3031 755 3106; x_wconf 89' lang='lat' dir='ltr'>graviter,</span> <span class='ocrx_word' id='word_1_234' title='bbox 779 3041 808 3089; x_wconf 92' lang='lat' dir='ltr'>et</span> <span class='ocrx_word' id='word_1_235' title='bbox 832 3030 1017 3088; x_wconf 90' lang='lat' dir='ltr'>vehementer</span> <span class='ocrx_word' id='word_1_236' title='bbox 1040 3048 1147 3089; x_wconf 90' lang='lat' dir='ltr'>mecum</span> 
     </span>
     <span class='ocr_line' id='line_1_30' title="bbox 218 3128 1147 3210; baseline -0.004 -19"><span class='ocrx_word' id='word_1_237' title='bbox 218 3133 387 3210; x_wconf 91' lang='lat' dir='ltr'>querebatur</span> <span class='ocrx_word' id='word_1_238' title='bbox 405 3131 570 3207; x_wconf 90' lang='lat' dir='ltr'>orabatque,</span> <span class='ocrx_word' id='word_1_239' title='bbox 584 3139 616 3188; x_wconf 92' lang='lat' dir='ltr'>ut</span> <span class='ocrx_word' id='word_1_240' title='bbox 635 3129 673 3188; x_wconf 88' lang='lat' dir='ltr'>ad</span> <span class='ocrx_word' id='word_1_241' title='bbox 690 3140 720 3188; x_wconf 90' lang='lat' dir='ltr'>te</span> <span class='ocrx_word' id='word_1_242' title='bbox 739 3147 827 3205; x_wconf 92' lang='lat' dir='ltr'>quam</span> <span class='ocrx_word' id='word_1_243' title='bbox 849 3128 1066 3204; x_wconf 88' lang='lat' dir='ltr'>diligentissime</span> <span class='ocrx_word' id='word_1_244' title='bbox 1086 3130 1147 3188; x_wconf 89' lang='lat' dir='ltr'>scri·</span> 
     </span>
     <span class='ocr_line' id='line_1_31' title="bbox 218 3227 1147 3308; baseline -0.005 -17"><span class='ocrx_word' id='word_1_245' title='bbox 218 3234 333 3291; x_wconf 88' lang='lat' dir='ltr'>berem:</span> <span class='ocrx_word' id='word_1_246' title='bbox 354 3231 436 3308; x_wconf 94' lang='lat' dir='ltr'>quod</span> <span class='ocrx_word' id='word_1_247' title='bbox 455 3228 530 3288; x_wconf 82' lang='lat' dir='ltr'>facio</span> <span class='ocrx_word' id='word_1_248' title='bbox 550 3237 579 3288; x_wconf 92' lang='lat' dir='ltr'>et</span> <span class='ocrx_word' id='word_1_249' title='bbox 595 3237 623 3287; x_wconf 92' lang='lat' dir='ltr'>te</span> <span class='ocrx_word' id='word_1_250' title='bbox 638 3246 756 3304; x_wconf 92' lang='lat' dir='ltr'>prorsus</span> <span class='ocrx_word' id='word_1_251' title='bbox 769 3227 955 3286; x_wconf 87' lang='lat' dir='ltr'>vehementer</span> <span class='ocrx_word' id='word_1_252' title='bbox 968 3227 1055 3285; x_wconf 88' lang='lat' dir='ltr'>etiam</span> <span class='ocrx_word' id='word_1_253' title='bbox 1070 3237 1147 3304; x_wconf 90' lang='lat' dir='ltr'>atque</span> 
     </span>
     <span class='ocr_line' id='line_1_32' title="bbox 219 3323 1146 3406; baseline -0.006 -16"><span class='ocrx_word' id='word_1_254' title='bbox 219 3331 306 3390; x_wconf 90' lang='lat' dir='ltr'>etiam</span> <span class='ocrx_word' id='word_1_255' title='bbox 325 3349 406 3406; x_wconf 86' lang='lat' dir='ltr'>rogo,</span> <span class='ocrx_word' id='word_1_256' title='bbox 421 3339 453 3388; x_wconf 91' lang='lat' dir='ltr'>ut</span> <span class='ocrx_word' id='word_1_257' title='bbox 473 3338 502 3388; x_wconf 93' lang='lat' dir='ltr'>et</span> <span class='ocrx_word' id='word_1_258' title='bbox 521 3325 756 3403; x_wconf 87' lang='lat' dir='ltr'>procuratoribus</span> <span class='ocrx_word' id='word_1_259' title='bbox 770 3323 860 3383; x_wconf 89' lang='lat' dir='ltr'>Flavii</span> <span class='ocrx_word' id='word_1_260' title='bbox 874 3325 1001 3383; x_wconf 89' lang='lat' dir='ltr'>remittas</span> <span class='ocrx_word' id='word_1_261' title='bbox 1016 3325 1051 3383; x_wconf 91' lang='lat' dir='ltr'>de</span> <span class='ocrx_word' id='word_1_262' title='bbox 1065 3325 1146 3384; x_wconf 91' lang='lat' dir='ltr'>demi·</span> 
     </span>
     <span class='ocr_line' id='line_1_33' title="bbox 217 3423 1146 3504; baseline -0.003 -17"><span class='ocrx_word' id='word_1_263' title='bbox 217 3430 334 3490; x_wconf 91' lang='lat' dir='ltr'>nuendo</span> <span class='ocrx_word' id='word_1_264' title='bbox 362 3438 391 3489; x_wconf 92' lang='lat' dir='ltr'>et</span> <span class='ocrx_word' id='word_1_265' title='bbox 418 3423 696 3504; x_wconf 91' lang='lat' dir='ltr'>Apollonidensibus</span> <span class='ocrx_word' id='word_1_266' title='bbox 724 3442 762 3482; x_wconf 95' lang='lat' dir='ltr'>ne</span> <span class='ocrx_word' id='word_1_267' title='bbox 790 3423 861 3499; x_wconf 91' lang='lat' dir='ltr'>quid</span> <span class='ocrx_word' id='word_1_268' title='bbox 885 3423 1054 3499; x_wconf 89' lang='lat' dir='ltr'>perscribas,</span> <span class='ocrx_word' id='word_1_269' title='bbox 1076 3425 1146 3501; x_wconf 93' lang='lat' dir='ltr'>quod</span> 
     </span>
    </p>
   </div>
   <div class='ocr_carea' id='block_1_5' title="bbox 0 0 1220 3844">
    <p class='ocr_par' dir='ltr' id='par_1_5' title="bbox 0 0 1220 3844">
     <span class='ocr_line' id='line_1_34' title="bbox 0 0 1220 3844; baseline 0 1"><span class='ocrx_word' id='word_1_270' title='bbox 0 0 1220 3844; x_wconf 95' lang='lat' dir='ltr'> </span> 
     </span>
    </p>
   </div>
  </div>
 </body>
</html>
