2432 3844
50 264 101 326 cp.
121 248 176 332 s.]
312 259 424 313 aaran.
446 260 496 309 an
516 259 679 311 micum
699 263 723 312 1.
750 247 798 313 16.
977 271 1015 335 19

52 418 144 496 fregi
163 419 193 477 in
206 428 309 478 senatu
322 437 390 478 cum
405 419 535 479 oratione
549 430 697 497 perpetua,
711 420 880 497 plenissima
893 423 1015 500 gravita-

53 520 109 591 tis,
139 529 206 578 tum
233 519 419 578 altercatione
441 519 527 579 huius
549 520 630 578 modi
642 539 650 592 ;
682 538 718 578 ex
746 536 804 596 qua
830 520 896 579 licet
922 539 1016 597 pauca

56 619 324 694 degustes-nam
352 628 447 678 cetera
474 637 537 677 non
564 627 687 694 possunt
711 617 817 676 habere
839 637 935 696 neque
957 620 1016 677 vim

55 735 170 792 neque
191 726 371 776 venustatem
391 727 504 776 remoto
524 717 574 776 illo
593 716 689 775 studio
706 715 908 788 contentionis,
928 735 1016 792 quem

58 818 159 889 ἀγῶνα
184 833 238 874 vos
269 815 470 891 appellatis-:
506 835 534 891 9.
569 833 647 888 nam,
675 825 708 875 ut
736 815 836 874 Idibus
863 813 951 873 Maiis
984 817 1016 874 in

36 895 209 972 ‘senatum
231 914 421 973 convenimus
445 925 623 990 rogatusque
645 932 702 989 ego
731 913 901 972 sententiam
926 914 1016 974 multa

62 1012 134 1071 dixi
149 1012 187 1070 de
206 1029 321 1070 summa
334 1030 365 1069 re
378 997 503 1088 publica,
518 1022 604 1088 atque
618 1012 664 1070 ille
678 1012 760 1071 locus
774 1011 909 1070 inductus
930 1030 949 1071 a
968 1030 1016 1071 me

61 1120 114 1170 est
132 1109 278 1180 divinitus
292 1128 330 1167 ne
342 1129 403 1168 una
416 1109 503 1186 plaga
517 1121 638 1187 accepta
658 1121 755 1187 patres
774 1110 930 1186 conscripti
945 1128 1016 1168 con·

63 1208 212 1278 uiderent,
226 1226 263 1266 ne
278 1207 452 1280 deficerent;
474 1208 579 1267 volnus
593 1227 658 1268 csse
671 1211 734 1268 eius
748 1209 838 1280 modi,
852 1209 933 1286 quod
946 1208 1017 1267 mihi

62 1325 128 1365 nec
151 1305 394 1364 dissimulandum
420 1323 475 1364 nec
497 1306 760 1381 pertimescendum
787 1307 948 1379 videretur;
978 1324 1016 1365 ne

65 1414 121 1464 aut
144 1403 311 1480 ignorando
331 1403 491 1462 stultissimi
505 1412 556 1462 aut
573 1405 708 1462 metuendo
722 1405 1016 1481 rgnanr'ssinu'iudica-

64 1521 189 1572 remum
224 1502 269 1560 bis
296 1502 461 1560 absolutum
488 1520 552 1562 esse
580 1502 746 1573 Lentulum,
774 1503 820 1562 bis
842 1501 1014 1574 Catilinam

66 1600 152 1659 hunc
168 1600 284 1658 tertium
311 1601 370 1658 iam
398 1619 463 1660 esse
491 1619 508 1659 a
535 1601 678 1660 iudicibus
710 1600 741 1658 in
774 1619 837 1659 rem
870 1600 1016 1677 publicam

66 1698 249 1757 immissum.
302 1698 414 1769 ‘Erras
445 1697 549 1771 Clodi;
585 1717 646 1757 non
672 1709 702 1757 te
726 1699 835 1758 iudices
862 1700 936 1770 urbi,
963 1699 1016 1759 sed

68 1796 184 1856 carceri
210 1804 400 1867 reservarunt,
428 1815 524 1873 neque
550 1806 580 1856 te
607 1798 729 1857 retinere
757 1798 788 1855 in
814 1798 935 1869 civitate,
963 1798 1017 1856 sed

69 1895 178 1954 exsilio
204 1895 315 1972 privare
343 1895 502 1954 voluerunt.
544 1894 643 1966 Quam
668 1897 708 1955 ob
730 1913 802 1968 rem,
824 1905 921 1971 patres
946 1913 1017 1954 con·

71 1993 182 2070 scripti,
217 1993 318 2070 erigite
353 1994 475 2064 animos,
511 1995 631 2054 retinete
671 2005 795 2054 vestram
837 1994 1015 2070 dignitatem.

72 2091 181 2149 Manet
207 2090 254 2148 illa
279 2091 310 2148 in
336 2109 368 2148 re
398 2090 514 2167 publica
548 2092 693 2150 bonorum
721 2092 897 2164 consensi03
933 2092 1017 2150 dolor

73 2188 198 2249 accessit
222 2188 308 2247 bonis
331 2188 406 2258 viris,
429 2189 517 2248 virtus
535 2207 598 2247 non
620 2199 664 2248 est
684 2190 852 2259 imminuta;
880 2187 951 2246 nihil
972 2186 1017 2246 est

74 2288 178 2350 damni
205 2286 314 2345 factum
339 2285 414 2358 novi,
442 2285 503 2358 sed,
526 2285 696 2362 quoderat,
720 2287 868 2345 inventum
893 2295 954 2344 est:
985 2285 1017 2343 in

73 2387 163 2445 unius
183 2385 311 2443 hominis
332 2384 435 2460 perditi
450 2384 556 2444 iudicio
570 2384 666 2461 plures
688 2383 795 2442 similes
812 2383 917 2459 reperti
931 2382 1015 2442 sunt!

77 2503 125 2544 10.
161 2482 219 2542 Sed
247 2483 317 2560 quid
345 2483 422 2559 ago?
477 2481 574 2542 Paene
602 2483 765 2544 orationem
798 2482 830 2540 in
864 2481 1016 2558 epistolam

74 2582 189 2642 inclusi.
232 2581 336 2640 Redeo
350 2581 388 2640 ad
402 2581 619 2641 altercationem
634 2602 640 2640 :
662 2581 753 2657 surgit
766 2579 924 2657 pulchellus
935 2599 1016 2658 puer,

76 2680 175 2742 obiicit
187 2679 267 2750 mihi,
281 2697 329 2738 me
343 2679 381 2738 ad
395 2677 481 2738 Baias
490 2679 594 2740 'fuisse
636 2679 764 2752 Falsum,
774 2679 825 2739 sed
835 2687 933 2739 tamen
946 2679 1018 2755 quid

76 2781 163 2839 huic?
215 2777 332 2838 ‘Simile
360 2778 420 2837 cst’
456 2778 583 2856 inquam,
620 2779 722 2856 ‘quasi
749 2779 828 2838 dicas
856 2779 884 2836 in
914 2789 1017 2856 operto

78 2877 183 2938 fuisse?
224 2876 340 2948 ‘Quid'
361 2877 454 2953 inquit
476 2876 603 2936 ‘homini
616 2876 748 2959 Arpinati
762 2895 830 2936 cum
849 2877 932 2954 aquis
950 2874 1017 2935 cali·

80 2975 154 3036 disl'
196 2973 314 3034 ‘Narra'
335 2975 455 3051 inquam
476 2979 614 3051 ‘patrono
628 2984 687 3048 tuo,
702 2976 752 3052 qui
765 2975 913 3052 Arpinatis
926 2991 1017 3051 aquas

80 3074 259 3151 concupivit3
293 3073 371 3132 nosti
397 3073 476 3132 enim
503 3073 646 3132 marinas!
697 3069 894 3150 ‘Quousque'
925 3072 1018 3150 inquit

81 3170 284 3246 ‘huneregem
298 3169 441 3231 feremus!
483 3170 617 3246 ‘Regem
636 3170 782 3247 appellas,’
797 3171 916 3247 inquam
937 3175 1018 3230 ‘cum

81 3267 143 3327 Rex
163 3268 205 3327 tui
226 3269 405 3328 mentionem
427 3266 536 3326 nullam
561 3267 789 3327 leceriti’—Ille
810 3278 906 3327 autem
927 3267 1018 3342 Regis

81 3366 265 3426 hereditatem
293 3385 346 3443 spe
368 3363 734 3426 devorarat—‘Domum'
767 3365 863 3443 inquit
890 3363 1017 3424 ‘emisti’

84 3463 201 3525 ‘Putes'
221 3465 342 3542 inquam
364 3465 481 3538 ‘dicere
494 3465 604 3526 iudices
618 3464 730 3526 emisti!
771 3463 904 3524 ‘Iuranti'
925 3459 1018 3538 inquit

522 3579 570 3623 ca
