<?xml version="1.0" encoding="UTF-8"?>
<!DOCTYPE html PUBLIC "-//W3C//DTD XHTML 1.0 Transitional//EN"
    "http://www.w3.org/TR/xhtml1/DTD/xhtml1-transitional.dtd">
<html xmlns="http://www.w3.org/1999/xhtml" xml:lang="en" lang="en">
 <head>
  <title>
</title>
<meta http-equiv="Content-Type" content="text/html;charset=utf-8" />
  <meta name='ocr-system' content='tesseract 3.04.00' />
  <meta name='ocr-capabilities' content='ocr_page ocr_carea ocr_par ocr_line ocrx_word'/>
</head>
<body>
  <div class='ocr_page' id='page_1' title='image "./epistolaeselect00watsgoog/epistolaeselect00watsgoog_0048.png"; bbox 0 0 2432 3844; ppageno 0'>
   <div class='ocr_carea' id='block_1_1' title="bbox 58 209 1015 310">
    <p class='ocr_par' dir='ltr' id='par_1_1' title="bbox 58 209 1015 310">
     <span class='ocr_line' id='line_1_1' title="bbox 58 209 1015 310; baseline 0.001 -23"><span class='ocrx_word' id='word_1_1' title='bbox 58 242 120 302; x_wconf 77' lang='lat' dir='ltr'><strong>Ep.</strong></span> <span class='ocrx_word' id='word_1_2' title='bbox 138 225 194 310; x_wconf 70' lang='grc' dir='ltr'><strong>ιο]</strong></span> <span class='ocrx_word' id='word_1_3' title='bbox 293 238 407 287; x_wconf 69' lang='lat' dir='ltr'><strong>sarar.</strong></span> <span class='ocrx_word' id='word_1_4' title='bbox 429 209 479 286; x_wconf 73' lang='lat' dir='ltr'><strong>Au</strong></span> <span class='ocrx_word' id='word_1_5' title='bbox 499 237 664 288; x_wconf 71' lang='lat' dir='ltr'><strong>narratur</strong></span> <span class='ocrx_word' id='word_1_6' title='bbox 685 239 723 289; x_wconf 88' lang='lat' dir='ltr'><strong>rr.</strong></span> <span class='ocrx_word' id='word_1_7' title='bbox 750 224 799 288; x_wconf 90' lang='lat'><strong>16.</strong></span> <span class='ocrx_word' id='word_1_8' title='bbox 977 238 1015 306; x_wconf 77' lang='grc' dir='ltr'><strong>ογ</strong></span> 
     </span>
    </p>
   </div>
   <div class='ocr_carea' id='block_1_2' title="bbox 59 397 1092 1163">
    <p class='ocr_par' dir='ltr' id='par_1_2' title="bbox 59 397 1092 1163">
     <span class='ocr_line' id='line_1_2' title="bbox 59 397 1016 474; baseline -0.001 -17"><span class='ocrx_word' id='word_1_9' title='bbox 59 397 215 474; x_wconf 76' lang='lat' dir='ltr'>cogitanti</span> <span class='ocrx_word' id='word_1_10' title='bbox 235 407 332 456; x_wconf 90' lang='lat' dir='ltr'><strong>autem</strong></span> <span class='ocrx_word' id='word_1_11' title='bbox 349 397 422 457; x_wconf 92' lang='lat' dir='ltr'><strong>haec</strong></span> <span class='ocrx_word' id='word_1_12' title='bbox 442 397 501 458; x_wconf 84' lang='lat' dir='ltr'><strong>fere</strong></span> <span class='ocrx_word' id='word_1_13' title='bbox 522 398 744 457; x_wconf 87' lang='lat' dir='ltr'><strong>succurrebant:</strong></span> <span class='ocrx_word' id='word_1_14' title='bbox 765 398 890 473; x_wconf 89' lang='lat' dir='ltr'><strong>primum</strong></span> <span class='ocrx_word' id='word_1_15' title='bbox 912 417 949 456; x_wconf 85' lang='lat' dir='ltr'><strong>ex</strong></span> <span class='ocrx_word' id='word_1_16' title='bbox 970 414 1016 467; x_wconf 92' lang='lat' dir='ltr'><strong>eo,</strong></span> 
     </span>
     <span class='ocr_line' id='line_1_3' title="bbox 59 494 1092 573; baseline 0 -19"><span class='ocrx_word' id='word_1_17' title='bbox 59 495 155 572; x_wconf 89' lang='lat' dir='ltr'><strong>quod</strong></span> <span class='ocrx_word' id='word_1_18' title='bbox 172 497 368 572; x_wconf 88' lang='lat' dir='ltr'><strong>superioribus</strong></span> <span class='ocrx_word' id='word_1_19' title='bbox 384 496 482 555; x_wconf 89' lang='lat' dir='ltr'><strong>litteris</strong></span> <span class='ocrx_word' id='word_1_20' title='bbox 505 497 668 573; x_wconf 72' lang='lat' dir='ltr'><strong>scripseras</strong></span> <span class='ocrx_word' id='word_1_21' title='bbox 686 515 723 554; x_wconf 81' lang='lat' dir='ltr'><strong>ex</strong></span> <span class='ocrx_word' id='word_1_22' title='bbox 742 494 872 554; x_wconf 81' lang='lat' dir='ltr'><strong>familiari</strong></span> <span class='ocrx_word' id='word_1_23' title='bbox 891 505 920 554; x_wconf 90' lang='lat' dir='ltr'><strong>te</strong></span> <span class='ocrx_word' id='word_1_24' title='bbox 941 497 1016 554; x_wconf 92' lang='lat' dir='ltr'><strong>illius</strong></span> <span class='ocrx_word' id='word_1_25' title='bbox 1087 521 1092 530; x_wconf 93' lang='lat'><strong>·</strong></span> 
     </span>
     <span class='ocr_line' id='line_1_4' title="bbox 59 593 1016 671; baseline 0.002 -20"><span class='ocrx_word' id='word_1_26' title='bbox 59 594 190 652; x_wconf 86' lang='lat' dir='ltr'><strong>audisse</strong></span> <span class='ocrx_word' id='word_1_27' title='bbox 217 593 361 669; x_wconf 90' lang='lat' dir='ltr'><strong>prolatum</strong></span> <span class='ocrx_word' id='word_1_28' title='bbox 393 595 426 652; x_wconf 91' lang='lat' dir='ltr'><strong>iri</strong></span> <span class='ocrx_word' id='word_1_29' title='bbox 459 594 575 671; x_wconf 92' lang='lat' dir='ltr'><strong>aliquid,</strong></span> <span class='ocrx_word' id='word_1_30' title='bbox 608 594 688 670; x_wconf 93' lang='lat' dir='ltr'><strong>quod</strong></span> <span class='ocrx_word' id='word_1_31' title='bbox 716 611 804 652; x_wconf 91' lang='lat' dir='ltr'><strong>nemo</strong></span> <span class='ocrx_word' id='word_1_32' title='bbox 831 595 1016 670; x_wconf 82' lang='lat' dir='ltr'><strong>improbaret,</strong></span> 
     </span>
     <span class='ocr_line' id='line_1_5' title="bbox 61 691 1016 769; baseline 0 -19"><span class='ocrx_word' id='word_1_33' title='bbox 61 693 169 750; x_wconf 86' lang='lat' dir='ltr'><strong>maius</strong></span> <span class='ocrx_word' id='word_1_34' title='bbox 189 692 297 769; x_wconf 88' lang='lat' dir='ltr'><strong>aliquid</strong></span> <span class='ocrx_word' id='word_1_35' title='bbox 316 693 486 765; x_wconf 82' lang='lat' dir='ltr'><strong>timueram3</strong></span> <span class='ocrx_word' id='word_1_36' title='bbox 508 693 566 752; x_wconf 90' lang='lat' dir='ltr'><strong>hoc</strong></span> <span class='ocrx_word' id='word_1_37' title='bbox 584 692 654 750; x_wconf 91' lang='lat' dir='ltr'><strong>mihi</strong></span> <span class='ocrx_word' id='word_1_38' title='bbox 674 692 735 751; x_wconf 89' lang='lat' dir='ltr'><strong>eius</strong></span> <span class='ocrx_word' id='word_1_39' title='bbox 755 691 837 751; x_wconf 90' lang='lat' dir='ltr'><strong>modi</strong></span> <span class='ocrx_word' id='word_1_40' title='bbox 857 710 918 749; x_wconf 90' lang='lat' dir='ltr'><strong>non</strong></span> <span class='ocrx_word' id='word_1_41' title='bbox 939 692 1016 750; x_wconf 91' lang='lat' dir='ltr'><strong>vide-</strong></span> 
     </span>
     <span class='ocr_line' id='line_1_6' title="bbox 64 789 1017 866; baseline 0 -17"><span class='ocrx_word' id='word_1_42' title='bbox 64 792 167 849; x_wconf 91' lang='lat' dir='ltr'><strong>batur.</strong></span> <span class='ocrx_word' id='word_1_43' title='bbox 210 789 335 856; x_wconf 87' lang='lat' dir='ltr'><strong>Deinde,</strong></span> <span class='ocrx_word' id='word_1_44' title='bbox 359 800 391 849; x_wconf 92' lang='lat' dir='ltr'><strong>ut</strong></span> <span class='ocrx_word' id='word_1_45' title='bbox 409 809 458 849; x_wconf 91' lang='lat' dir='ltr'><strong>me</strong></span> <span class='ocrx_word' id='word_1_46' title='bbox 479 801 595 866; x_wconf 89' lang='lat' dir='ltr'><strong>egomet</strong></span> <span class='ocrx_word' id='word_1_47' title='bbox 616 791 757 861; x_wconf 90' lang='lat' dir='ltr'><strong>consoler,</strong></span> <span class='ocrx_word' id='word_1_48' title='bbox 778 790 875 849; x_wconf 90' lang='lat' dir='ltr'><strong>omnis</strong></span> <span class='ocrx_word' id='word_1_49' title='bbox 896 808 1017 866; x_wconf 89' lang='lat' dir='ltr'><strong>exspec-</strong></span> 
     </span>
     <span class='ocr_line' id='line_1_7' title="bbox 66 888 1018 966; baseline 0 -20"><span class='ocrx_word' id='word_1_50' title='bbox 66 889 146 948; x_wconf 87' lang='lat' dir='ltr'><strong>tatio</strong></span> <span class='ocrx_word' id='word_1_51' title='bbox 173 888 334 964; x_wconf 88' lang='lat' dir='ltr'><strong>largitionis</strong></span> <span class='ocrx_word' id='word_1_52' title='bbox 361 890 489 964; x_wconf 83' lang='lat' dir='ltr'><strong>agrariae</strong></span> <span class='ocrx_word' id='word_1_53' title='bbox 513 891 544 948; x_wconf 90' lang='lat' dir='ltr'><strong>in</strong></span> <span class='ocrx_word' id='word_1_54' title='bbox 568 907 671 966; x_wconf 88' lang='lat' dir='ltr'><strong>agrum</strong></span> <span class='ocrx_word' id='word_1_55' title='bbox 699 889 885 965; x_wconf 88' lang='lat' dir='ltr'><strong>Campanum</strong></span> <span class='ocrx_word' id='word_1_56' title='bbox 908 889 1018 948; x_wconf 92' lang='lat' dir='ltr'><strong>videtur</strong></span> 
     </span>
     <span class='ocr_line' id='line_1_8' title="bbox 69 985 1018 1064; baseline -0.001 -18"><span class='ocrx_word' id='word_1_57' title='bbox 69 1004 141 1046; x_wconf 86' lang='lat' dir='ltr'><strong>esse</strong></span> <span class='ocrx_word' id='word_1_58' title='bbox 156 985 291 1057; x_wconf 90' lang='lat' dir='ltr'><strong>derivata,</strong></span> <span class='ocrx_word' id='word_1_59' title='bbox 310 989 359 1063; x_wconf 94' lang='lat' dir='ltr'><strong>qui</strong></span> <span class='ocrx_word' id='word_1_60' title='bbox 374 1006 451 1064; x_wconf 92' lang='lat' dir='ltr'><strong>ager,</strong></span> <span class='ocrx_word' id='word_1_61' title='bbox 470 997 501 1046; x_wconf 94' lang='lat' dir='ltr'><strong>ut</strong></span> <span class='ocrx_word' id='word_1_62' title='bbox 520 988 596 1046; x_wconf 89' lang='lat' dir='ltr'><strong>dena</strong></span> <span class='ocrx_word' id='word_1_63' title='bbox 614 989 715 1064; x_wconf 89' lang='lat' dir='ltr'><strong>iugera</strong></span> <span class='ocrx_word' id='word_1_64' title='bbox 733 988 798 1058; x_wconf 92' lang='lat' dir='ltr'><strong>sint,</strong></span> <span class='ocrx_word' id='word_1_65' title='bbox 816 1005 877 1045; x_wconf 90' lang='lat' dir='ltr'><strong>non</strong></span> <span class='ocrx_word' id='word_1_66' title='bbox 895 987 1018 1062; x_wconf 91' lang='lat' dir='ltr'><strong>amplius</strong></span> 
     </span>
     <span class='ocr_line' id='line_1_9' title="bbox 70 1085 1018 1163; baseline 0 -21"><span class='ocrx_word' id='word_1_67' title='bbox 70 1085 232 1143; x_wconf 90' lang='lat' dir='ltr'><strong>hominum</strong></span> <span class='ocrx_word' id='word_1_68' title='bbox 252 1085 379 1163; x_wconf 89' lang='lat' dir='ltr'><strong>quinque</strong></span> <span class='ocrx_word' id='word_1_69' title='bbox 396 1086 475 1144; x_wconf 85' lang='lat' dir='ltr'><strong>milia</strong></span> <span class='ocrx_word' id='word_1_70' title='bbox 495 1095 591 1162; x_wconf 89' lang='lat' dir='ltr'><strong>potest</strong></span> <span class='ocrx_word' id='word_1_71' title='bbox 613 1087 772 1146; x_wconf 90' lang='lat' dir='ltr'><strong>sustinere:</strong></span> <span class='ocrx_word' id='word_1_72' title='bbox 792 1086 902 1162; x_wconf 90' lang='lat' dir='ltr'><strong>reliqua</strong></span> <span class='ocrx_word' id='word_1_73' title='bbox 922 1086 1018 1144; x_wconf 91' lang='lat' dir='ltr'><strong>omnis</strong></span> 
     </span>
    </p>
   </div>
   <div class='ocr_carea' id='block_1_3' title="bbox 71 1182 1128 1254">
    <p class='ocr_par' dir='ltr' id='par_1_3' title="bbox 71 1182 1128 1254">
     <span class='ocr_line' id='line_1_10' title="bbox 71 1182 1128 1254; baseline 0.001 -14"><span class='ocrx_word' id='word_1_74' title='bbox 71 1182 232 1241; x_wconf 87' lang='lat' dir='ltr'><strong>multitudo</strong></span> <span class='ocrx_word' id='word_1_75' title='bbox 252 1185 290 1241; x_wconf 97' lang='lat' dir='ltr'><strong>ab</strong></span> <span class='ocrx_word' id='word_1_76' title='bbox 311 1184 365 1242; x_wconf 90' lang='lat' dir='ltr'><strong>illis</strong></span> <span class='ocrx_word' id='word_1_77' title='bbox 386 1184 562 1244; x_wconf 85' lang='lat' dir='ltr'><strong>abalienetur</strong></span> <span class='ocrx_word' id='word_1_78' title='bbox 582 1203 702 1244; x_wconf 90' lang='lat' dir='ltr'><strong>necesse</strong></span> <span class='ocrx_word' id='word_1_79' title='bbox 720 1193 772 1243; x_wconf 94' lang='lat' dir='ltr'><strong>est.</strong></span> <span class='ocrx_word' id='word_1_80' title='bbox 815 1184 974 1254; x_wconf 87' lang='lat' dir='ltr'><strong>Praeterea,</strong></span> <span class='ocrx_word' id='word_1_81' title='bbox 996 1182 1021 1242; x_wconf 91' lang='lat' dir='ltr'><strong>si</strong></span> <span class='ocrx_word' id='word_1_82' title='bbox 1125 1213 1128 1224; x_wconf 90' lang='lat'>·</span> 
     </span>
    </p>
   </div>
   <div class='ocr_carea' id='block_1_4' title="bbox 72 1281 1027 3523">
    <p class='ocr_par' dir='ltr' id='par_1_4' title="bbox 72 1281 1021 2134">
     <span class='ocr_line' id='line_1_11' title="bbox 72 1281 1020 1360; baseline 0 -20"><span class='ocrx_word' id='word_1_83' title='bbox 72 1281 134 1340; x_wconf 91' lang='lat' dir='ltr'><strong>ulla</strong></span> <span class='ocrx_word' id='word_1_84' title='bbox 152 1299 199 1340; x_wconf 88' lang='lat' dir='ltr'><strong>res</strong></span> <span class='ocrx_word' id='word_1_85' title='bbox 219 1291 270 1351; x_wconf 89' lang='lat' dir='ltr'><strong>est,</strong></span> <span class='ocrx_word' id='word_1_86' title='bbox 290 1299 364 1357; x_wconf 89' lang='lat' dir='ltr'><strong>quae</strong></span> <span class='ocrx_word' id='word_1_87' title='bbox 381 1283 526 1341; x_wconf 90' lang='lat' dir='ltr'><strong>bonorum</strong></span> <span class='ocrx_word' id='word_1_88' title='bbox 543 1283 664 1351; x_wconf 91' lang='lat' dir='ltr'><strong>animos,</strong></span> <span class='ocrx_word' id='word_1_89' title='bbox 680 1300 754 1360; x_wconf 90' lang='lat' dir='ltr'><strong>quos</strong></span> <span class='ocrx_word' id='word_1_90' title='bbox 772 1283 830 1340; x_wconf 90' lang='lat' dir='ltr'><strong>iam</strong></span> <span class='ocrx_word' id='word_1_91' title='bbox 852 1282 937 1340; x_wconf 92' lang='lat' dir='ltr'><strong>video</strong></span> <span class='ocrx_word' id='word_1_92' title='bbox 955 1299 1020 1341; x_wconf 88' lang='lat' dir='ltr'><strong>esse</strong></span> 
     </span>
     <span class='ocr_line' id='line_1_12' title="bbox 72 1379 1019 1457; baseline -0.001 -19"><span class='ocrx_word' id='word_1_93' title='bbox 72 1389 254 1452; x_wconf 90' lang='lat' dir='ltr'><strong>commotos,</strong></span> <span class='ocrx_word' id='word_1_94' title='bbox 271 1379 468 1439; x_wconf 89' lang='lat' dir='ltr'><strong>vehementius</strong></span> <span class='ocrx_word' id='word_1_95' title='bbox 488 1381 582 1457; x_wconf 90' lang='lat' dir='ltr'><strong>possit</strong></span> <span class='ocrx_word' id='word_1_96' title='bbox 599 1381 764 1451; x_wconf 88' lang='lat' dir='ltr'><strong>incendere,</strong></span> <span class='ocrx_word' id='word_1_97' title='bbox 777 1380 850 1438; x_wconf 91' lang='lat' dir='ltr'><strong>haec</strong></span> <span class='ocrx_word' id='word_1_98' title='bbox 870 1390 948 1440; x_wconf 89' lang='lat' dir='ltr'><strong>certe</strong></span> <span class='ocrx_word' id='word_1_99' title='bbox 967 1390 1019 1450; x_wconf 86' lang='lat' dir='ltr'><strong>est,</strong></span> 
     </span>
     <span class='ocr_line' id='line_1_13' title="bbox 73 1479 1019 1557; baseline 0.002 -20"><span class='ocrx_word' id='word_1_100' title='bbox 73 1490 104 1538; x_wconf 91' lang='lat' dir='ltr'><strong>et</strong></span> <span class='ocrx_word' id='word_1_101' title='bbox 119 1498 158 1538; x_wconf 91' lang='lat' dir='ltr'><strong>eo</strong></span> <span class='ocrx_word' id='word_1_102' title='bbox 173 1479 276 1554; x_wconf 89' lang='lat' dir='ltr'><strong>magis,</strong></span> <span class='ocrx_word' id='word_1_103' title='bbox 291 1479 371 1556; x_wconf 92' lang='lat' dir='ltr'><strong>quod</strong></span> <span class='ocrx_word' id='word_1_104' title='bbox 385 1482 518 1556; x_wconf 86' lang='lat' dir='ltr'><strong>portoriis</strong></span> <span class='ocrx_word' id='word_1_105' title='bbox 532 1480 630 1540; x_wconf 88' lang='lat' dir='ltr'><strong>ltaliae</strong></span> <span class='ocrx_word' id='word_1_106' title='bbox 644 1481 769 1553; x_wconf 89' lang='lat' dir='ltr'><strong>sublatis,</strong></span> <span class='ocrx_word' id='word_1_107' title='bbox 784 1499 855 1557; x_wconf 89' lang='lat' dir='ltr'><strong>agro</strong></span> <span class='ocrx_word' id='word_1_108' title='bbox 865 1480 1019 1556; x_wconf 88' lang='lat' dir='ltr'><strong>Campano</strong></span> 
     </span>
     <span class='ocr_line' id='line_1_14' title="bbox 73 1578 1021 1656; baseline -0.002 -18"><span class='ocrx_word' id='word_1_109' title='bbox 73 1579 182 1648; x_wconf 86' lang='lat' dir='ltr'><strong>diviso,</strong></span> <span class='ocrx_word' id='word_1_110' title='bbox 201 1578 281 1654; x_wconf 87' lang='lat' dir='ltr'><strong>quod</strong></span> <span class='ocrx_word' id='word_1_111' title='bbox 297 1579 417 1656; x_wconf 87' lang='lat' dir='ltr'><strong>vectigal</strong></span> <span class='ocrx_word' id='word_1_112' title='bbox 436 1590 565 1656; x_wconf 89' lang='lat' dir='ltr'><strong>superest</strong></span> <span class='ocrx_word' id='word_1_113' title='bbox 582 1578 774 1640; x_wconf 88' lang='lat' dir='ltr'><strong>domesticum</strong></span> <span class='ocrx_word' id='word_1_114' title='bbox 795 1588 908 1656; x_wconf 87' lang='lat' dir='ltr'><strong>praeter</strong></span> <span class='ocrx_word' id='word_1_115' title='bbox 924 1580 1021 1639; x_wconf 89' lang='lat' dir='ltr'><strong>vicen-</strong></span> 
     </span>
     <span class='ocr_line' id='line_1_15' title="bbox 73 1677 1021 1752; baseline 0 -16"><span class='ocrx_word' id='word_1_116' title='bbox 73 1677 208 1736; x_wconf 83' lang='lat' dir='ltr'><strong>simam?</strong></span> <span class='ocrx_word' id='word_1_117' title='bbox 242 1694 317 1752; x_wconf 88' lang='lat' dir='ltr'><strong>quae</strong></span> <span class='ocrx_word' id='word_1_118' title='bbox 349 1677 420 1736; x_wconf 92' lang='lat' dir='ltr'><strong>mihi</strong></span> <span class='ocrx_word' id='word_1_119' title='bbox 453 1678 564 1736; x_wconf 90' lang='lat' dir='ltr'><strong>videtur</strong></span> <span class='ocrx_word' id='word_1_120' title='bbox 589 1697 649 1738; x_wconf 91' lang='lat' dir='ltr'><strong>una</strong></span> <span class='ocrx_word' id='word_1_121' title='bbox 683 1679 867 1739; x_wconf 89' lang='lat' dir='ltr'><strong>contiuncula</strong></span> <span class='ocrx_word' id='word_1_122' title='bbox 894 1679 1021 1737; x_wconf 88' lang='lat' dir='ltr'><strong>clamore</strong></span> 
     </span>
     <span class='ocr_line' id='line_1_16' title="bbox 72 1775 1021 1855; baseline 0.003 -24"><span class='ocrx_word' id='word_1_123' title='bbox 72 1775 306 1851; x_wconf 88' lang='lat' dir='ltr'><strong>pedisequorum</strong></span> <span class='ocrx_word' id='word_1_124' title='bbox 325 1785 490 1834; x_wconf 89' lang='lat' dir='ltr'><strong>nostrorum</strong></span> <span class='ocrx_word' id='word_1_125' title='bbox 510 1795 575 1836; x_wconf 89' lang='lat' dir='ltr'><strong>esse</strong></span> <span class='ocrx_word' id='word_1_126' title='bbox 595 1778 728 1855; x_wconf 89' lang='lat' dir='ltr'><strong>peritura.</strong></span> <span class='ocrx_word' id='word_1_127' title='bbox 772 1796 797 1835; x_wconf 88' lang='lat' dir='ltr'><strong>a.</strong></span> <span class='ocrx_word' id='word_1_128' title='bbox 817 1776 937 1836; x_wconf 89' lang='lat' dir='ltr'><strong>Gnaeus</strong></span> <span class='ocrx_word' id='word_1_129' title='bbox 958 1776 1021 1853; x_wconf 92' lang='lat' dir='ltr'><strong>qui-</strong></span> 
     </span>
     <span class='ocr_line' id='line_1_17' title="bbox 76 1873 812 1951; baseline 0.001 -19"><span class='ocrx_word' id='word_1_130' title='bbox 76 1873 149 1932; x_wconf 89' lang='lat' dir='ltr'><strong>dem</strong></span> <span class='ocrx_word' id='word_1_131' title='bbox 171 1884 271 1933; x_wconf 88' lang='lat' dir='ltr'><strong>noster</strong></span> <span class='ocrx_word' id='word_1_132' title='bbox 290 1874 349 1932; x_wconf 90' lang='lat' dir='ltr'><strong>iam</strong></span> <span class='ocrx_word' id='word_1_133' title='bbox 370 1874 457 1950; x_wconf 91' lang='lat' dir='ltr'><strong>plane</strong></span> <span class='ocrx_word' id='word_1_134' title='bbox 477 1875 548 1951; x_wconf 91' lang='lat' dir='ltr'><strong>quid</strong></span> <span class='ocrx_word' id='word_1_135' title='bbox 568 1876 675 1951; x_wconf 87' lang='lat' dir='ltr'><strong>cogitet</strong></span> <span class='ocrx_word' id='word_1_136' title='bbox 695 1875 812 1934; x_wconf 89' lang='lat' dir='ltr'><strong>nescio:</strong></span> 
     </span>
     <span class='ocr_line' id='line_1_18' title="bbox 276 1984 794 2051; baseline 0.004 -17"><span class='ocrx_word' id='word_1_137' title='bbox 276 1989 342 2050; x_wconf 80' lang='grc' dir='ltr'>φοσᾷ</span> <span class='ocrx_word' id='word_1_138' title='bbox 357 1984 404 2050; x_wconf 75' lang='grc' dir='ltr'><strong>γὰρ</strong></span> <span class='ocrx_word' id='word_1_139' title='bbox 420 1987 448 2034; x_wconf 77' lang='grc' dir='ltr'><strong>οὔ</strong></span> <span class='ocrx_word' id='word_1_140' title='bbox 464 1986 597 2051; x_wconf 76' lang='grc' dir='ltr'>σμικροῖσιν</span> <span class='ocrx_word' id='word_1_141' title='bbox 612 1986 734 2036; x_wconf 70' lang='grc' dir='ltr'><strong>αὐλίσκου</strong></span> <span class='ocrx_word' id='word_1_142' title='bbox 751 1985 794 2046; x_wconf 81' lang='grc' dir='ltr'>ἔτι,</span> 
     </span>
     <span class='ocr_line' id='line_1_19' title="bbox 276 2067 769 2134; baseline 0 -16"><span class='ocrx_word' id='word_1_143' title='bbox 276 2067 334 2118; x_wconf 81' lang='grc' dir='ltr'>ἀλλ’</span> <span class='ocrx_word' id='word_1_144' title='bbox 350 2069 440 2134; x_wconf 69' lang='grc' dir='ltr'><strong>ἀγρίου</strong></span> <span class='ocrx_word' id='word_1_145' title='bbox 455 2069 562 2133; x_wconf 63' lang='lat' dir='ltr'><strong>onomat,</strong></span> <span class='ocrx_word' id='word_1_146' title='bbox 578 2070 691 2134; x_wconf 70' lang='grc' dir='ltr'>φορβείασ</span> <span class='ocrx_word' id='word_1_147' title='bbox 706 2068 769 2134; x_wconf 78' lang='grc' dir='ltr'><strong><em>ἄτερ·</em></strong></span> 
     </span>
    </p>

    <p class='ocr_par' dir='ltr' id='par_1_5' title="bbox 77 2137 1027 3523">
     <span class='ocr_line' id='line_1_20' title="bbox 77 2137 1022 2246; baseline -0.001 -18"><span class='ocrx_word' id='word_1_148' title='bbox 77 2171 132 2246; x_wconf 91' lang='lat' dir='ltr'><strong>qui</strong></span> <span class='ocrx_word' id='word_1_149' title='bbox 157 2169 276 2244; x_wconf 91' lang='lat' dir='ltr'><strong>quidem</strong></span> <span class='ocrx_word' id='word_1_150' title='bbox 303 2171 388 2228; x_wconf 89' lang='lat' dir='ltr'><strong>etiarn</strong></span> <span class='ocrx_word' id='word_1_151' title='bbox 416 2172 491 2229; x_wconf 91' lang='lat' dir='ltr'><strong>istuc</strong></span> <span class='ocrx_word' id='word_1_152' title='bbox 519 2170 623 2230; x_wconf 88' lang='lat' dir='ltr'><strong>adduci</strong></span> <span class='ocrx_word' id='word_1_153' title='bbox 649 2137 783 2246; x_wconf 72' lang='lat' dir='ltr'><strong>potuerit</strong></span> <span class='ocrx_word' id='word_1_154' title='bbox 826 2167 904 2226; x_wconf 87' lang='lat' dir='ltr'><strong>Nam</strong></span> <span class='ocrx_word' id='word_1_155' title='bbox 928 2168 1022 2227; x_wconf 91' lang='lat' dir='ltr'><strong>adhuc</strong></span> 
     </span>
     <span class='ocr_line' id='line_1_21' title="bbox 78 2265 1022 2345; baseline -0.006 -17"><span class='ocrx_word' id='word_1_156' title='bbox 78 2268 156 2328; x_wconf 88' lang='lat' dir='ltr'><strong>haec</strong></span> <span class='ocrx_word' id='word_1_157' title='bbox 175 2270 320 2341; x_wconf 73' lang='grc' dir='ltr'>ἐσοφίζετο,</span> <span class='ocrx_word' id='word_1_158' title='bbox 341 2286 372 2327; x_wconf 92' lang='lat' dir='ltr'><strong>se</strong></span> <span class='ocrx_word' id='word_1_159' title='bbox 392 2269 471 2345; x_wconf 90' lang='lat' dir='ltr'><strong>leges</strong></span> <span class='ocrx_word' id='word_1_160' title='bbox 486 2268 618 2328; x_wconf 86' lang='lat' dir='ltr'><strong>Caesaris</strong></span> <span class='ocrx_word' id='word_1_161' title='bbox 636 2269 769 2344; x_wconf 88' lang='lat' dir='ltr'><strong>probare,</strong></span> <span class='ocrx_word' id='word_1_162' title='bbox 784 2267 913 2326; x_wconf 88' lang='lat' dir='ltr'><strong>actiones</strong></span> <span class='ocrx_word' id='word_1_163' title='bbox 926 2265 1022 2341; x_wconf 89' lang='lat' dir='ltr'><strong>ipsum</strong></span> 
     </span>
     <span class='ocr_line' id='line_1_22' title="bbox 80 2364 1024 2443; baseline -0.004 -18"><span class='ocrx_word' id='word_1_164' title='bbox 80 2377 229 2443; x_wconf 89' lang='lat' dir='ltr'><strong>praestare</strong></span> <span class='ocrx_word' id='word_1_165' title='bbox 245 2367 370 2440; x_wconf 84' lang='lat' dir='ltr'><strong>debere,·</strong></span> <span class='ocrx_word' id='word_1_166' title='bbox 392 2367 533 2442; x_wconf 86' lang='lat' dir='ltr'><strong>agrariam</strong></span> <span class='ocrx_word' id='word_1_167' title='bbox 553 2367 648 2442; x_wconf 86' lang='lat' dir='ltr'><strong>legem</strong></span> <span class='ocrx_word' id='word_1_168' title='bbox 667 2366 720 2424; x_wconf 92' lang='lat' dir='ltr'><strong>sibi</strong></span> <span class='ocrx_word' id='word_1_169' title='bbox 733 2364 883 2442; x_wconf 87' lang='lat' dir='ltr'><strong>placuisse,</strong></span> <span class='ocrx_word' id='word_1_170' title='bbox 898 2365 1024 2438; x_wconf 89' lang='lat' dir='ltr'><strong>potuerit</strong></span> 
     </span>
     <span class='ocr_line' id='line_1_23' title="bbox 80 2461 1024 2541; baseline -0.005 -17"><span class='ocrx_word' id='word_1_171' title='bbox 80 2463 223 2524; x_wconf 91' lang='lat' dir='ltr'><strong>intercedi</strong></span> <span class='ocrx_word' id='word_1_172' title='bbox 243 2483 345 2535; x_wconf 88' lang='lat' dir='ltr'><strong>necne,</strong></span> <span class='ocrx_word' id='word_1_173' title='bbox 362 2464 432 2522; x_wconf 94' lang='lat' dir='ltr'><strong>nihil</strong></span> <span class='ocrx_word' id='word_1_174' title='bbox 453 2464 492 2524; x_wconf 91' lang='lat' dir='ltr'><strong>ad</strong></span> <span class='ocrx_word' id='word_1_175' title='bbox 511 2484 542 2524; x_wconf 91' lang='lat' dir='ltr'><strong>se</strong></span> <span class='ocrx_word' id='word_1_176' title='bbox 563 2465 721 2541; x_wconf 89' lang='lat' dir='ltr'><strong>pertinere;</strong></span> <span class='ocrx_word' id='word_1_177' title='bbox 744 2464 781 2522; x_wconf 91' lang='lat' dir='ltr'><strong>de</strong></span> <span class='ocrx_word' id='word_1_178' title='bbox 801 2481 870 2539; x_wconf 90' lang='lat' dir='ltr'><strong>rege</strong></span> <span class='ocrx_word' id='word_1_179' title='bbox 898 2461 1024 2520; x_wconf 88' lang='lat' dir='ltr'><strong>Alexan-</strong></span> 
     </span>
     <span class='ocr_line' id='line_1_24' title="bbox 82 2561 1023 2639; baseline -0.004 -18"><span class='ocrx_word' id='word_1_180' title='bbox 82 2563 168 2622; x_wconf 92' lang='lat' dir='ltr'><strong>drino</strong></span> <span class='ocrx_word' id='word_1_181' title='bbox 190 2563 333 2639; x_wconf 89' lang='lat' dir='ltr'><strong>placuisse</strong></span> <span class='ocrx_word' id='word_1_182' title='bbox 353 2563 407 2622; x_wconf 91' lang='lat' dir='ltr'><strong>sibi</strong></span> <span class='ocrx_word' id='word_1_183' title='bbox 428 2562 582 2639; x_wconf 90' lang='lat' dir='ltr'><strong>aliquando</strong></span> <span class='ocrx_word' id='word_1_184' title='bbox 604 2563 725 2634; x_wconf 89' lang='lat' dir='ltr'><strong>confici;</strong></span> <span class='ocrx_word' id='word_1_185' title='bbox 747 2561 867 2620; x_wconf 91' lang='lat' dir='ltr'><strong>Bibulus</strong></span> <span class='ocrx_word' id='word_1_186' title='bbox 888 2563 924 2621; x_wconf 90' lang='lat' dir='ltr'><strong>de</strong></span> <span class='ocrx_word' id='word_1_187' title='bbox 940 2561 1023 2618; x_wconf 91' lang='lat' dir='ltr'><strong>caelo</strong></span> 
     </span>
     <span class='ocr_line' id='line_1_25' title="bbox 81 2658 1024 2737; baseline -0.004 -17"><span class='ocrx_word' id='word_1_188' title='bbox 81 2673 146 2720; x_wconf 90' lang='lat' dir='ltr'><strong>tum</strong></span> <span class='ocrx_word' id='word_1_189' title='bbox 174 2670 314 2720; x_wconf 89' lang='lat' dir='ltr'><strong>servasset</strong></span> <span class='ocrx_word' id='word_1_190' title='bbox 340 2679 442 2733; x_wconf 92' lang='lat' dir='ltr'><strong>necne,</strong></span> <span class='ocrx_word' id='word_1_191' title='bbox 465 2662 519 2720; x_wconf 92' lang='lat' dir='ltr'><strong>sibi</strong></span> <span class='ocrx_word' id='word_1_192' title='bbox 544 2661 742 2737; x_wconf 89' lang='lat' dir='ltr'><strong>quaerendum</strong></span> <span class='ocrx_word' id='word_1_193' title='bbox 763 2679 824 2718; x_wconf 90' lang='lat' dir='ltr'><strong>non</strong></span> <span class='ocrx_word' id='word_1_194' title='bbox 851 2659 958 2731; x_wconf 85' lang='lat' dir='ltr'><strong>luisse;</strong></span> <span class='ocrx_word' id='word_1_195' title='bbox 987 2658 1024 2716; x_wconf 91' lang='lat' dir='ltr'><strong>de</strong></span> 
     </span>
     <span class='ocr_line' id='line_1_26' title="bbox 83 2755 1025 2836; baseline -0.004 -18"><span class='ocrx_word' id='word_1_196' title='bbox 83 2759 254 2836; x_wconf 68' lang='lat' dir='ltr'><strong>publicanis</strong></span> <span class='ocrx_word' id='word_1_197' title='bbox 279 2760 402 2819; x_wconf 87' lang='lat' dir='ltr'><strong>voluisse</strong></span> <span class='ocrx_word' id='word_1_198' title='bbox 422 2779 450 2818; x_wconf 77' lang='lat' dir='ltr'><strong>aa</strong></span> <span class='ocrx_word' id='word_1_199' title='bbox 469 2760 508 2818; x_wconf 94' lang='lat' dir='ltr'><strong>illi</strong></span> <span class='ocrx_word' id='word_1_200' title='bbox 528 2759 623 2819; x_wconf 91' lang='lat' dir='ltr'><strong>ordini</strong></span> <span class='ocrx_word' id='word_1_201' title='bbox 648 2758 856 2830; x_wconf 89' lang='lat' dir='ltr'><strong>commodare;</strong></span> <span class='ocrx_word' id='word_1_202' title='bbox 887 2756 958 2835; x_wconf 92' lang='lat' dir='ltr'><strong>quid</strong></span> <span class='ocrx_word' id='word_1_203' title='bbox 981 2755 1025 2814; x_wconf 84' lang='lat' dir='ltr'><strong>lu-</strong></span> 
     </span>
     <span class='ocr_line' id='line_1_27' title="bbox 83 2856 1025 2928; baseline -0.004 -12"><span class='ocrx_word' id='word_1_204' title='bbox 83 2869 181 2916; x_wconf 91' lang='lat' dir='ltr'><strong>turum</strong></span> <span class='ocrx_word' id='word_1_205' title='bbox 209 2856 301 2928; x_wconf 84' lang='lat' dir='ltr'><strong>fuerit,</strong></span> <span class='ocrx_word' id='word_1_206' title='bbox 330 2858 354 2917; x_wconf 88' lang='lat' dir='ltr'><strong>si</strong></span> <span class='ocrx_word' id='word_1_207' title='bbox 374 2857 495 2916; x_wconf 91' lang='lat' dir='ltr'><strong>Bibulus</strong></span> <span class='ocrx_word' id='word_1_208' title='bbox 515 2867 577 2915; x_wconf 91' lang='lat' dir='ltr'><strong>tum</strong></span> <span class='ocrx_word' id='word_1_209' title='bbox 597 2858 628 2914; x_wconf 91' lang='lat' dir='ltr'><strong>in</strong></span> <span class='ocrx_word' id='word_1_210' title='bbox 648 2856 743 2915; x_wconf 86' lang='lat' dir='ltr'><strong>forum</strong></span> <span class='ocrx_word' id='word_1_211' title='bbox 765 2856 970 2925; x_wconf 89' lang='lat' dir='ltr'><strong>descendisset,</strong></span> <span class='ocrx_word' id='word_1_212' title='bbox 993 2871 1025 2912; x_wconf 88' lang='lat' dir='ltr'><strong>se</strong></span> 
     </span>
     <span class='ocr_line' id='line_1_28' title="bbox 84 2951 1025 3032; baseline -0.004 -18"><span class='ocrx_word' id='word_1_213' title='bbox 84 2957 213 3014; x_wconf 89' lang='lat' dir='ltr'><strong>divinare</strong></span> <span class='ocrx_word' id='word_1_214' title='bbox 233 2973 295 3014; x_wconf 93' lang='lat' dir='ltr'><strong>non</strong></span> <span class='ocrx_word' id='word_1_215' title='bbox 315 2957 463 3032; x_wconf 90' lang='lat' dir='ltr'><strong>potuisse:</strong></span> <span class='ocrx_word' id='word_1_216' title='bbox 485 2974 563 3015; x_wconf 91' lang='lat' dir='ltr'><strong>nunc</strong></span> <span class='ocrx_word' id='word_1_217' title='bbox 587 2973 665 3027; x_wconf 87' lang='lat' dir='ltr'><strong>vero,</strong></span> <span class='ocrx_word' id='word_1_218' title='bbox 689 2954 927 3030; x_wconf 88' lang='lat' dir='ltr'><strong>Sampsicerame‚</strong></span> <span class='ocrx_word' id='word_1_219' title='bbox 956 2951 1025 3027; x_wconf 88' lang='lat' dir='ltr'><strong>quid</strong></span> 
     </span>
     <span class='ocr_line' id='line_1_29' title="bbox 85 3050 1026 3130; baseline -0.006 -16"><span class='ocrx_word' id='word_1_220' title='bbox 85 3055 185 3114; x_wconf 88' lang='lat' dir='ltr'><strong>dices?</strong></span> <span class='ocrx_word' id='word_1_221' title='bbox 205 3055 327 3130; x_wconf 89' lang='lat' dir='ltr'><strong>vectigal</strong></span> <span class='ocrx_word' id='word_1_222' title='bbox 346 3064 374 3113; x_wconf 91' lang='lat' dir='ltr'><strong>te</strong></span> <span class='ocrx_word' id='word_1_223' title='bbox 393 3055 478 3114; x_wconf 89' lang='lat' dir='ltr'><strong>nobis</strong></span> <span class='ocrx_word' id='word_1_224' title='bbox 492 3054 522 3112; x_wconf 92' lang='lat' dir='ltr'><strong>in</strong></span> <span class='ocrx_word' id='word_1_225' title='bbox 536 3062 636 3112; x_wconf 92' lang='lat' dir='ltr'><strong>monte</strong></span> <span class='ocrx_word' id='word_1_226' title='bbox 653 3052 819 3110; x_wconf 88' lang='lat' dir='ltr'><strong>Antilibano</strong></span> <span class='ocrx_word' id='word_1_227' title='bbox 834 3050 1026 3120; x_wconf 89' lang='lat' dir='ltr'><strong>constituisse,</strong></span> 
     </span>
     <span class='ocr_line' id='line_1_30' title="bbox 85 3148 1026 3229; baseline -0.006 -16"><span class='ocrx_word' id='word_1_228' title='bbox 85 3153 148 3228; x_wconf 86' lang='lat' dir='ltr'><strong>agri</strong></span> <span class='ocrx_word' id='word_1_229' title='bbox 177 3151 320 3229; x_wconf 86' lang='lat' dir='ltr'><strong>Campani</strong></span> <span class='ocrx_word' id='word_1_230' title='bbox 344 3152 514 3212; x_wconf 88' lang='lat' dir='ltr'><strong>abstulisse?</strong></span> <span class='ocrx_word' id='word_1_231' title='bbox 542 3151 620 3227; x_wconf 90' lang='lat' dir='ltr'><strong>quid,</strong></span> <span class='ocrx_word' id='word_1_232' title='bbox 642 3151 699 3209; x_wconf 92' lang='lat' dir='ltr'><strong>hoc</strong></span> <span class='ocrx_word' id='word_1_233' title='bbox 721 3169 810 3227; x_wconf 88' lang='lat' dir='ltr'><strong>quem</strong></span> <span class='ocrx_word' id='word_1_234' title='bbox 838 3149 876 3208; x_wconf 87' lang='lat' dir='ltr'><strong>ad</strong></span> <span class='ocrx_word' id='word_1_235' title='bbox 903 3148 1026 3207; x_wconf 92' lang='lat' dir='ltr'><strong>modum</strong></span> 
     </span>
     <span class='ocr_line' id='line_1_31' title="bbox 86 3246 1026 3326; baseline -0.006 -17"><span class='ocrx_word' id='word_1_236' title='bbox 86 3250 254 3309; x_wconf 82' lang='lat' dir='ltr'><strong>obtinebis?</strong></span> <span class='ocrx_word' id='word_1_237' title='bbox 304 3250 487 3326; x_wconf 87' lang='lat' dir='ltr'><strong>‘Oppressos</strong></span> <span class='ocrx_word' id='word_1_238' title='bbox 521 3249 590 3308; x_wconf 89' lang='lat' dir='ltr'><strong>vos&#39;</strong></span> <span class='ocrx_word' id='word_1_239' title='bbox 620 3248 712 3324; x_wconf 92' lang='lat' dir='ltr'><strong>inquit</strong></span> <span class='ocrx_word' id='word_1_240' title='bbox 742 3248 867 3306; x_wconf 89' lang='lat' dir='ltr'><strong>‘tenebo</strong></span> <span class='ocrx_word' id='word_1_241' title='bbox 899 3246 1026 3306; x_wconf 87' lang='lat' dir='ltr'><strong>exercitu</strong></span> 
     </span>
     <span class='ocr_line' id='line_1_32' title="bbox 87 3343 1026 3422; baseline -0.011 -13"><span class='ocrx_word' id='word_1_242' title='bbox 87 3347 238 3410; x_wconf 69' lang='lat' dir='ltr'><strong>Caesaris!</strong></span> <span class='ocrx_word' id='word_1_243' title='bbox 289 3347 360 3406; x_wconf 91' lang='lat' dir='ltr'><strong>Non</strong></span> <span class='ocrx_word' id='word_1_244' title='bbox 390 3347 554 3406; x_wconf 88' lang='lat' dir='ltr'><strong>mehercule</strong></span> <span class='ocrx_word' id='word_1_245' title='bbox 585 3365 633 3405; x_wconf 91' lang='lat' dir='ltr'><strong>me</strong></span> <span class='ocrx_word' id='word_1_246' title='bbox 661 3355 694 3405; x_wconf 89' lang='lat' dir='ltr'><strong>tu</strong></span> <span class='ocrx_word' id='word_1_247' title='bbox 729 3345 848 3422; x_wconf 89' lang='lat' dir='ltr'><strong>quidem</strong></span> <span class='ocrx_word' id='word_1_248' title='bbox 879 3353 939 3403; x_wconf 90' lang='lat' dir='ltr'><strong>tam</strong></span> <span class='ocrx_word' id='word_1_249' title='bbox 971 3343 1026 3401; x_wconf 88' lang='lat' dir='ltr'><strong>isto</strong></span> 
     </span>
     <span class='ocr_line' id='line_1_33' title="bbox 87 3439 1027 3523; baseline -0.012 -15"><span class='ocrx_word' id='word_1_250' title='bbox 87 3447 216 3508; x_wconf 83' lang='lat' dir='ltr'><strong>exercitu</strong></span> <span class='ocrx_word' id='word_1_251' title='bbox 243 3465 332 3523; x_wconf 91' lang='lat' dir='ltr'><strong>quam</strong></span> <span class='ocrx_word' id='word_1_252' title='bbox 358 3446 477 3522; x_wconf 85' lang='lat' dir='ltr'><strong>ingratis</strong></span> <span class='ocrx_word' id='word_1_253' title='bbox 508 3445 613 3504; x_wconf 89' lang='lat' dir='ltr'><strong>animis</strong></span> <span class='ocrx_word' id='word_1_254' title='bbox 645 3461 748 3504; x_wconf 89' lang='lat' dir='ltr'><strong>eorum</strong></span> <span class='ocrx_word' id='word_1_255' title='bbox 781 3443 943 3510; x_wconf 89' lang='lat' dir='ltr'><strong>hominum,</strong></span> <span class='ocrx_word' id='word_1_256' title='bbox 978 3439 1027 3516; x_wconf 91' lang='lat' dir='ltr'><strong>qui</strong></span> 
     </span>
    </p>
   </div>
   <div class='ocr_carea' id='block_1_5' title="bbox 0 0 1238 3844">
    <p class='ocr_par' dir='ltr' id='par_1_6' title="bbox 0 0 1238 3844">
     <span class='ocr_line' id='line_1_34' title="bbox 0 0 1238 3844; baseline 0 0"><span class='ocrx_word' id='word_1_257' title='bbox 0 0 1238 3844; x_wconf 95' lang='lat' dir='ltr'><strong> </strong></span> 
     </span>
    </p>
   </div>
  </div>
 </body>
</html>
