2454 3842
58 254 109 314 sp.
130 237 193 324 aa]
278 249 391 302 sarar.
413 213 707 302 annumeras
728 249 752 303 r.
777 261 807 327 9.
974 254 1013 323 77

58 421 135 460 rum
151 411 249 462 motus
268 413 312 462 est
332 404 424 464 factus
444 423 512 464 cum
532 423 642 478 eorum,
656 423 782 482 quorum
802 406 937 482 oportuit,
951 415 1014 464 tum

58 502 184 558 illorum
198 503 294 574 etiarn,
309 521 434 578 quorum
454 522 614 580 numquam
627 513 768 579 putaram.
813 524 840 579 9.
864 503 942 562 Nam
956 504 1015 563 hoc

60 610 189 658 senatus
212 601 345 659 consulto
366 601 398 659 in
421 619 518 661 meam
546 603 719 661 sententiam
746 601 823 660 facto
846 601 1015 678 Pompeius,

60 715 138 755 cum
151 697 223 755 mihi
238 699 309 757 nihil
322 699 495 759 ostendisset
510 717 541 760 se
556 719 620 761 esse
634 701 789 786 offensum,
803 701 834 758 in
850 699 1015 758 Sardiniam

61 808 93 856 et
126 798 158 854 in
185 798 314 857 Africam
340 798 488 876 profectus
516 810 560 860 est
588 819 682 878 eoque
710 801 809 859 itinere
837 799 950 858 Lucam
977 798 1016 858 ad

61 896 229 955 Caesarem
242 899 330 957 venit.
372 899 418 958 Ibi
436 899 527 958 multa
541 901 578 958 de
596 919 664 959 mea
682 899 824 958 sententia
838 908 957 974 questus
971 908 1016 956 est

62 993 190 1066 Caesar,
205 997 313 1073 quippe
328 997 377 1072 qui
391 999 479 1056 etiam
493 997 651 1056 Ravennae
667 998 805 1058 Crassum
818 1007 885 1055 ante
900 995 1016 1055 vidisset

61 1095 105 1152 ab
121 1112 219 1170 eoque
232 1096 262 1152 in
276 1113 324 1153 me
339 1105 415 1155 esset
428 1097 571 1156 incensus.
616 1096 693 1156 Sane
707 1097 827 1155 moleste
842 1095 1015 1170 Pompeium

62 1191 96 1249 id
126 1192 201 1251 serre
225 1195 392 1267 constabat3
425 1195 505 1271 quod
529 1213 594 1270 ego,
620 1213 688 1253 cum
712 1194 858 1253 audissem
883 1210 920 1251 ex
944 1192 1015 1263 aliis,

62 1291 199 1349 maxime
213 1310 249 1350 ex
268 1310 336 1350 meo
355 1291 441 1351 fratre
460 1293 594 1368 cognovi.
637 1292 735 1365 Quem
750 1310 818 1352 eum
838 1293 869 1349 in
885 1290 1018 1350 Sardinia

63 1389 230 1466 Pompeius
254 1391 355 1466 paucis
379 1401 447 1468 post
471 1392 580 1463 diebus
610 1410 698 1468 quam
725 1390 808 1450 Luca
836 1391 1016 1460 discesserat,

64 1489 263 1561 convenisset,
279 1489 342 1548 ‘te'
356 1491 450 1566 inquit
470 1491 583 1566 ‘ipsum
604 1492 710 1567 cupio;
732 1489 802 1547 nihil
823 1488 1018 1566 opportunius

63 1587 165 1662 potuit
183 1587 330 1646 accidere:
351 1589 406 1647 nisi
427 1608 494 1648 eum
515 1588 620 1647 Marco
637 1590 722 1647 fratre
740 1588 891 1664 diligenter
911 1586 1015 1662 egeris,

65 1685 298 1762 dependendum
325 1687 376 1744 tibi
403 1696 455 1758 est,
477 1687 558 1764 quod
578 1687 649 1746 mihi
670 1705 723 1764 pro
743 1687 792 1744 illo
813 1684 1015 1762 spopondisti!

66 1783 154 1856 Quid
166 1783 276 1842 multa?
297 1795 415 1860 questus
429 1794 473 1844 est
491 1787 629 1862 graviter3
652 1804 705 1846 sua
720 1786 821 1843 merita
835 1801 1016 1843 commemo·

66 1883 142 1941 ravit
151 1901 159 1955 ;
182 1883 252 1958 quid
270 1884 376 1959 egisset
396 1884 564 1960 saepissime
579 1885 616 1944 de
634 1885 706 1944 actis
722 1884 855 1943 Caesaris
870 1885 1017 1959 cumipse

67 1999 140 2039 meo
155 1963 244 2039 fratre
255 1982 383 2059 quidque
397 1980 452 2041 sibi
465 1982 489 2042 is
504 1982 541 2041 de
555 2001 603 2041 me
616 1982 781 2058 recepisset,
795 1981 825 2038 in
845 1981 1017 2039 memoriam

68 2079 185 2154 redegit
199 2097 294 2156 seque,
310 2098 385 2157 quae
402 2081 439 2139 de
457 2100 524 2140 mea
543 2082 633 2139 salute
652 2081 767 2157 egisset,
781 2080 927 2140 voluntate
942 2079 1016 2138 Cae·

68 2179 145 2236 saris
159 2179 254 2253 egisse
268 2179 364 2255 ipsum
378 2197 476 2237 meum
494 2179 611 2237 fratrem
625 2187 746 2238 testatus
766 2187 828 2249 est;
851 2178 933 2235 cuius
947 2195 1016 2236 cau·

69 2295 137 2336 sam
153 2277 379 2356 dignitatemque
398 2279 470 2336 mihi
489 2289 521 2336 ut
539 2279 768 2348 commendaret,
783 2277 893 2352 rogavit
907 2285 938 2334 ut
950 2295 1017 2334 eam

69 2396 109 2436 ne
132 2395 343 2454 oppugnarem,
366 2378 390 2437 si
415 2379 523 2437 nollem
544 2388 593 2436 aut
617 2396 678 2436 non
702 2395 821 2453 possem
845 2376 925 2435 tueri.
971 2395 1017 2435 ro.

69 2477 158 2535 Haec
178 2495 246 2535 eum
267 2478 304 2537 ad
324 2496 373 2537 me
393 2477 479 2536 irater
500 2479 662 2556 pertulisset
680 2488 709 2535 et
729 2494 797 2534 cum
818 2485 916 2534 tamen
930 2474 1018 2534 Pom-

67 2577 155 2653 peius
174 2576 211 2633 ad
233 2594 281 2635 me
306 2595 374 2634 cum
394 2577 538 2636 mandatis
558 2576 716 2635 Vibullium
738 2577 871 2647 misisset,
893 2583 925 2633 ut
944 2577 1019 2634 inte·

68 2693 157 2750 grum
167 2674 238 2732 mihi
249 2674 285 2732 de
297 2692 384 2734 causa
393 2673 547 2751 Campana
559 2675 597 2733 ad
606 2693 690 2734 suum
701 2674 825 2732 reditum
833 2692 1018 2744 reservarem,

69 2773 177 2850 collegi
196 2774 260 2849 ipse
279 2791 327 2832 me
348 2783 375 2832 et
397 2792 464 2832 eum
483 2775 548 2851 ipsa
569 2774 651 2850 quasi
673 2792 704 2831 re
724 2773 839 2850 publica
858 2773 1020 2832 collocutus

70 2891 148 2944 sum,
162 2882 194 2930 ut
212 2872 282 2931 mihi
301 2882 361 2930 tam
379 2873 469 2931 multa
489 2891 544 2948 pro
566 2892 597 2932 se
612 2890 752 2950 perpesso
766 2883 852 2949 atque
866 2871 1020 2949 perfuncto

71 2972 256 3042 concederet,
285 2980 316 3029 ut
347 2972 475 3031 officium
504 2990 604 3031 meum
630 2989 850 3048 memoremque
882 2972 913 3029 in
943 2972 1020 3029 bene

71 3070 192 3128 meritos
213 3071 344 3129 animum
368 3071 515 3146 fidemque
535 3069 629 3130 fratris
650 3070 708 3128 mei
731 3079 917 3146 praestarem,
938 3088 1020 3129 eum·

73 3187 141 3244 que,
157 3186 244 3245 quern
260 3171 373 3228 bonum
387 3170 478 3228 civem
494 3185 608 3245 semper
626 3168 782 3241 habuisset,
796 3171 909 3228 bonum
927 3170 1020 3227 virum

75 3284 140 3326 esse
153 3276 306 3343 pateretur.
348 3267 385 3325 In
404 3267 459 3325 illis
476 3277 572 3327 autem
591 3268 664 3326 meis
678 3268 840 3326 actionibus
855 3267 1020 3326 sententiis·

75 3383 133 3441 que
168 3366 314 3437 omnibus,
345 3384 419 3442 quae
451 3364 624 3442 Pompeium
659 3366 828 3425 videbantur
861 3365 1019 3435 offendere,

75 3472 221 3524 certorum
241 3464 404 3544 hominum,
419 3483 494 3543 quos
515 3465 574 3525 iam
595 3464 685 3525 debes
707 3465 853 3543 suspicari,
869 3481 1023 3524 sermones·
