<?xml version="1.0" encoding="UTF-8"?>
<!DOCTYPE html PUBLIC "-//W3C//DTD XHTML 1.0 Transitional//EN"
    "http://www.w3.org/TR/xhtml1/DTD/xhtml1-transitional.dtd">
<html xmlns="http://www.w3.org/1999/xhtml" xml:lang="en" lang="en">
 <head>
  <title>
</title>
<meta http-equiv="Content-Type" content="text/html;charset=utf-8" />
  <meta name='ocr-system' content='tesseract 3.04.00' />
  <meta name='ocr-capabilities' content='ocr_page ocr_carea ocr_par ocr_line ocrx_word'/>
</head>
<body>
  <div class='ocr_page' id='page_1' title='image "./epistolaeselect00watsgoog/epistolaeselect00watsgoog_0170.png"; bbox 0 0 2454 3842; ppageno 0'>
   <div class='ocr_carea' id='block_1_1' title="bbox 62 272 992 356">
    <p class='ocr_par' dir='ltr' id='par_1_1' title="bbox 62 272 992 356">
     <span class='ocr_line' id='line_1_1' title="bbox 62 272 992 356; baseline 0.006 -24"><span class='ocrx_word' id='word_1_1' title='bbox 62 287 101 347; x_wconf 77' lang='lat' dir='ltr'>sp.</span> <span class='ocrx_word' id='word_1_2' title='bbox 115 272 166 356; x_wconf 65' lang='lat' dir='ltr'>se]</span> <span class='ocrx_word' id='word_1_3' title='bbox 255 283 367 332; x_wconf 71' lang='lat' dir='ltr'>neren.</span> <span class='ocrx_word' id='word_1_4' title='bbox 390 284 440 332; x_wconf 74' lang='lat' dir='ltr'>nn</span> <span class='ocrx_word' id='word_1_5' title='bbox 461 283 627 334; x_wconf 75' lang='lat' dir='ltr'>nrrrcmr</span> <span class='ocrx_word' id='word_1_6' title='bbox 647 285 694 332; x_wconf 81' lang='lat' dir='ltr'>rx.</span> <span class='ocrx_word' id='word_1_7' title='bbox 718 291 748 355; x_wconf 91' lang='lat'>9.</span> <span class='ocrx_word' id='word_1_8' title='bbox 933 288 992 354; x_wconf 84' lang='lat'>149</span> 
     </span>
    </p>
   </div>
   <div class='ocr_carea' id='block_1_2' title="bbox 9 431 1000 3560">
    <p class='ocr_par' dir='ltr' id='par_1_2' title="bbox 9 431 1000 3560">
     <span class='ocr_line' id='line_1_2' title="bbox 60 431 992 509; baseline 0.002 -19"><span class='ocrx_word' id='word_1_9' title='bbox 60 433 143 492; x_wconf 86' lang='lat' dir='ltr'><strong>Recte</strong></span> <span class='ocrx_word' id='word_1_10' title='bbox 155 450 216 491; x_wconf 92' lang='lat' dir='ltr'>non</span> <span class='ocrx_word' id='word_1_11' title='bbox 229 433 324 491; x_wconf 90' lang='lat' dir='ltr'>credis</span> <span class='ocrx_word' id='word_1_12' title='bbox 343 431 380 490; x_wconf 91' lang='lat' dir='ltr'>de</span> <span class='ocrx_word' id='word_1_13' title='bbox 400 451 522 492; x_wconf 91' lang='lat' dir='ltr'>numero</span> <span class='ocrx_word' id='word_1_14' title='bbox 540 433 680 491; x_wconf 89' lang='lat' dir='ltr'>militum:</span> <span class='ocrx_word' id='word_1_15' title='bbox 702 435 767 509; x_wconf 88' lang='lat' dir='ltr'>ipso</span> <span class='ocrx_word' id='word_1_16' title='bbox 787 432 907 492; x_wconf 90' lang='lat' dir='ltr'>dimidio</span> <span class='ocrx_word' id='word_1_17' title='bbox 926 434 992 509; x_wconf 91' lang='lat' dir='ltr'>plus</span> 
     </span>
     <span class='ocr_line' id='line_1_3' title="bbox 60 530 991 608; baseline -0.002 -16"><span class='ocrx_word' id='word_1_18' title='bbox 60 532 165 608; x_wconf 84' lang='lat' dir='ltr'>scripsit</span> <span class='ocrx_word' id='word_1_19' title='bbox 191 530 303 590; x_wconf 78' lang='lat' dir='ltr'>Clodia</span> <span class='ocrx_word' id='word_1_20' title='bbox 359 531 477 590; x_wconf 86' lang='lat' dir='ltr'>Falsum</span> <span class='ocrx_word' id='word_1_21' title='bbox 505 533 592 590; x_wconf 90' lang='lat' dir='ltr'>etiam</span> <span class='ocrx_word' id='word_1_22' title='bbox 620 533 656 590; x_wconf 93' lang='lat' dir='ltr'>de</span> <span class='ocrx_word' id='word_1_23' title='bbox 685 533 826 607; x_wconf 83' lang='lat' dir='ltr'>corruptis</span> <span class='ocrx_word' id='word_1_24' title='bbox 862 534 991 591; x_wconf 86' lang='lat' dir='ltr'>navibus.</span> 
     </span>
     <span class='ocr_line' id='line_1_4' title="bbox 59 629 994 707; baseline 0 -19"><span class='ocrx_word' id='word_1_25' title='bbox 59 629 143 701; x_wconf 86' lang='lat' dir='ltr'>Quod</span> <span class='ocrx_word' id='word_1_26' title='bbox 164 629 299 688; x_wconf 89' lang='lat' dir='ltr'>consules</span> <span class='ocrx_word' id='word_1_27' title='bbox 323 629 432 702; x_wconf 89' lang='lat' dir='ltr'>laudas,</span> <span class='ocrx_word' id='word_1_28' title='bbox 455 649 512 706; x_wconf 90' lang='lat' dir='ltr'>ego</span> <span class='ocrx_word' id='word_1_29' title='bbox 533 648 651 707; x_wconf 93' lang='lat' dir='ltr'>quoque</span> <span class='ocrx_word' id='word_1_30' title='bbox 672 631 802 690; x_wconf 89' lang='lat' dir='ltr'>animum</span> <span class='ocrx_word' id='word_1_31' title='bbox 822 630 918 700; x_wconf 89' lang='lat' dir='ltr'>laudo,</span> <span class='ocrx_word' id='word_1_32' title='bbox 940 631 994 689; x_wconf 88' lang='lat' dir='ltr'>sed</span> 
     </span>
     <span class='ocr_line' id='line_1_5' title="bbox 58 727 993 804; baseline -0.001 -16"><span class='ocrx_word' id='word_1_33' title='bbox 58 728 203 788; x_wconf 90' lang='lat' dir='ltr'>consilium</span> <span class='ocrx_word' id='word_1_34' title='bbox 231 727 412 804; x_wconf 90' lang='lat' dir='ltr'>reprehendo</span> <span class='ocrx_word' id='word_1_35' title='bbox 419 748 427 800; x_wconf 92' lang='lat'>;</span> <span class='ocrx_word' id='word_1_36' title='bbox 462 730 593 788; x_wconf 87' lang='lat' dir='ltr'>discessu</span> <span class='ocrx_word' id='word_1_37' title='bbox 612 730 692 788; x_wconf 92' lang='lat' dir='ltr'>enim</span> <span class='ocrx_word' id='word_1_38' title='bbox 716 730 831 788; x_wconf 91' lang='lat' dir='ltr'>illorum</span> <span class='ocrx_word' id='word_1_39' title='bbox 855 730 932 788; x_wconf 89' lang='lat' dir='ltr'>actio</span> <span class='ocrx_word' id='word_1_40' title='bbox 957 729 993 787; x_wconf 93' lang='lat' dir='ltr'>de</span> 
     </span>
     <span class='ocr_line' id='line_1_6' title="bbox 56 827 993 904; baseline 0 -18"><span class='ocrx_word' id='word_1_41' title='bbox 56 847 127 904; x_wconf 88' lang='lat' dir='ltr'>pace</span> <span class='ocrx_word' id='word_1_42' title='bbox 144 827 255 886; x_wconf 89' lang='lat' dir='ltr'>sublata</span> <span class='ocrx_word' id='word_1_43' title='bbox 275 839 327 898; x_wconf 88' lang='lat' dir='ltr'>est,</span> <span class='ocrx_word' id='word_1_44' title='bbox 351 846 440 904; x_wconf 90' lang='lat' dir='ltr'>quam</span> <span class='ocrx_word' id='word_1_45' title='bbox 462 828 580 903; x_wconf 91' lang='lat' dir='ltr'>quidem</span> <span class='ocrx_word' id='word_1_46' title='bbox 602 846 659 904; x_wconf 88' lang='lat' dir='ltr'>ego</span> <span class='ocrx_word' id='word_1_47' title='bbox 679 829 848 887; x_wconf 88' lang='lat' dir='ltr'>meditabar.</span> <span class='ocrx_word' id='word_1_48' title='bbox 890 827 993 903; x_wconf 90' lang='lat' dir='ltr'>Itaque</span> 
     </span>
     <span class='ocr_line' id='line_1_7' title="bbox 56 925 993 1004; baseline -0.001 -19"><span class='ocrx_word' id='word_1_49' title='bbox 56 937 155 1004; x_wconf 88' lang='lat' dir='ltr'>postea</span> <span class='ocrx_word' id='word_1_50' title='bbox 167 926 307 984; x_wconf 85' lang='lat' dir='ltr'>Demetrii</span> <span class='ocrx_word' id='word_1_51' title='bbox 325 926 429 984; x_wconf 88' lang='lat' dir='ltr'>librum</span> <span class='ocrx_word' id='word_1_52' title='bbox 444 927 480 984; x_wconf 87' lang='lat' dir='ltr'>de</span> <span class='ocrx_word' id='word_1_53' title='bbox 499 928 657 985; x_wconf 89' lang='lat' dir='ltr'>concordia</span> <span class='ocrx_word' id='word_1_54' title='bbox 675 927 726 984; x_wconf 92' lang='lat' dir='ltr'>tibi</span> <span class='ocrx_word' id='word_1_55' title='bbox 743 927 841 985; x_wconf 89' lang='lat' dir='ltr'>remisi</span> <span class='ocrx_word' id='word_1_56' title='bbox 855 937 884 986; x_wconf 90' lang='lat' dir='ltr'>et</span> <span class='ocrx_word' id='word_1_57' title='bbox 897 925 993 984; x_wconf 92' lang='lat' dir='ltr'>Philo·</span> 
     </span>
     <span class='ocr_line' id='line_1_8' title="bbox 55 1025 994 1100; baseline -0.002 -16"><span class='ocrx_word' id='word_1_58' title='bbox 55 1028 126 1084; x_wconf 92' lang='lat' dir='ltr'>timo</span> <span class='ocrx_word' id='word_1_59' title='bbox 147 1025 229 1096; x_wconf 89' lang='lat' dir='ltr'>dedi;</span> <span class='ocrx_word' id='word_1_60' title='bbox 254 1043 309 1082; x_wconf 90' lang='lat' dir='ltr'>nec</span> <span class='ocrx_word' id='word_1_61' title='bbox 330 1042 400 1084; x_wconf 91' lang='lat' dir='ltr'>vero</span> <span class='ocrx_word' id='word_1_62' title='bbox 421 1025 523 1083; x_wconf 90' lang='lat' dir='ltr'>dubito</span> <span class='ocrx_word' id='word_1_63' title='bbox 543 1026 615 1100; x_wconf 93' lang='lat' dir='ltr'>quin</span> <span class='ocrx_word' id='word_1_64' title='bbox 636 1025 790 1084; x_wconf 83' lang='lat' dir='ltr'>exitiosum</span> <span class='ocrx_word' id='word_1_65' title='bbox 812 1025 919 1083; x_wconf 89' lang='lat' dir='ltr'>bellurn</span> <span class='ocrx_word' id='word_1_66' title='bbox 940 1025 994 1082; x_wconf 88' lang='lat' dir='ltr'>im-</span> 
     </span>
     <span class='ocr_line' id='line_1_9' title="bbox 53 1123 995 1202; baseline 0 -20"><span class='ocrx_word' id='word_1_67' title='bbox 53 1125 184 1202; x_wconf 82' lang='lat' dir='ltr'>pendeat,</span> <span class='ocrx_word' id='word_1_68' title='bbox 207 1124 288 1182; x_wconf 92' lang='lat' dir='ltr'>cuius</span> <span class='ocrx_word' id='word_1_69' title='bbox 312 1124 426 1182; x_wconf 89' lang='lat' dir='ltr'>initium</span> <span class='ocrx_word' id='word_1_70' title='bbox 451 1125 570 1185; x_wconf 88' lang='lat' dir='ltr'>ducetur</span> <span class='ocrx_word' id='word_1_71' title='bbox 592 1143 610 1182; x_wconf 87' lang='lat' dir='ltr'>a</span> <span class='ocrx_word' id='word_1_72' title='bbox 631 1124 716 1182; x_wconf 86' lang='lat' dir='ltr'>fame.</span> <span class='ocrx_word' id='word_1_73' title='bbox 758 1123 797 1185; x_wconf 90' lang='lat' dir='ltr'>Et</span> <span class='ocrx_word' id='word_1_74' title='bbox 825 1143 872 1182; x_wconf 92' lang='lat' dir='ltr'>me</span> <span class='ocrx_word' id='word_1_75' title='bbox 897 1135 995 1182; x_wconf 88' lang='lat' dir='ltr'>tamen</span> 
     </span>
     <span class='ocr_line' id='line_1_10' title="bbox 54 1221 995 1300; baseline -0.001 -18"><span class='ocrx_word' id='word_1_76' title='bbox 54 1224 140 1282; x_wconf 90' lang='lat' dir='ltr'>doleo</span> <span class='ocrx_word' id='word_1_77' title='bbox 153 1241 214 1280; x_wconf 91' lang='lat' dir='ltr'>non</span> <span class='ocrx_word' id='word_1_78' title='bbox 233 1223 372 1280; x_wconf 88' lang='lat' dir='ltr'>interesse</span> <span class='ocrx_word' id='word_1_79' title='bbox 390 1221 457 1281; x_wconf 90' lang='lat' dir='ltr'>huic</span> <span class='ocrx_word' id='word_1_80' title='bbox 470 1223 567 1280; x_wconf 86' lang='lat' dir='ltr'>belloi</span> <span class='ocrx_word' id='word_1_81' title='bbox 588 1223 618 1280; x_wconf 91' lang='lat' dir='ltr'>in</span> <span class='ocrx_word' id='word_1_82' title='bbox 639 1240 699 1300; x_wconf 92' lang='lat' dir='ltr'>quo</span> <span class='ocrx_word' id='word_1_83' title='bbox 719 1233 798 1282; x_wconf 89' lang='lat' dir='ltr'>tanta</span> <span class='ocrx_word' id='word_1_84' title='bbox 817 1224 860 1280; x_wconf 93' lang='lat' dir='ltr'>vis</span> <span class='ocrx_word' id='word_1_85' title='bbox 880 1223 995 1281; x_wconf 87' lang='lat' dir='ltr'>sceleris</span> 
     </span>
     <span class='ocr_line' id='line_1_11' title="bbox 52 1321 995 1397; baseline -0.002 -17"><span class='ocrx_word' id='word_1_86' title='bbox 52 1323 147 1382; x_wconf 82' lang='lat' dir='ltr'>futura</span> <span class='ocrx_word' id='word_1_87' title='bbox 159 1331 211 1390; x_wconf 92' lang='lat' dir='ltr'>est,</span> <span class='ocrx_word' id='word_1_88' title='bbox 225 1331 265 1391; x_wconf 92' lang='lat' dir='ltr'>ut,</span> <span class='ocrx_word' id='word_1_89' title='bbox 280 1339 347 1378; x_wconf 93' lang='lat' dir='ltr'>cum</span> <span class='ocrx_word' id='word_1_90' title='bbox 361 1329 496 1397; x_wconf 86' lang='lat' dir='ltr'>parentes</span> <span class='ocrx_word' id='word_1_91' title='bbox 515 1340 576 1379; x_wconf 94' lang='lat' dir='ltr'>non</span> <span class='ocrx_word' id='word_1_92' title='bbox 596 1321 671 1380; x_wconf 84' lang='lat' dir='ltr'>alere</span> <span class='ocrx_word' id='word_1_93' title='bbox 691 1321 832 1380; x_wconf 85' lang='lat' dir='ltr'>nefarium</span> <span class='ocrx_word' id='word_1_94' title='bbox 847 1323 890 1393; x_wconf 92' lang='lat' dir='ltr'>sit,</span> <span class='ocrx_word' id='word_1_95' title='bbox 905 1321 995 1379; x_wconf 89' lang='lat' dir='ltr'>nostri</span> 
     </span>
     <span class='ocr_line' id='line_1_12' title="bbox 51 1420 995 1498; baseline 0 -20"><span class='ocrx_word' id='word_1_96' title='bbox 51 1422 197 1498; x_wconf 84' lang='lat' dir='ltr'>principes</span> <span class='ocrx_word' id='word_1_97' title='bbox 217 1420 448 1496; x_wconf 86' lang='lat' dir='ltr'>antiquissimam</span> <span class='ocrx_word' id='word_1_98' title='bbox 468 1431 497 1477; x_wconf 90' lang='lat' dir='ltr'>et</span> <span class='ocrx_word' id='word_1_99' title='bbox 519 1421 730 1478; x_wconf 87' lang='lat' dir='ltr'>sanctissimam</span> <span class='ocrx_word' id='word_1_100' title='bbox 751 1431 909 1496; x_wconf 87' lang='lat' dir='ltr'>parentem,</span> <span class='ocrx_word' id='word_1_101' title='bbox 931 1432 995 1494; x_wconf 89' lang='lat' dir='ltr'>pat-</span> 
     </span>
     <span class='ocr_line' id='line_1_13' title="bbox 51 1519 996 1606; baseline -0.002 -28"><span class='ocrx_word' id='word_1_102' title='bbox 51 1522 135 1588; x_wconf 89' lang='lat' dir='ltr'>riam,</span> <span class='ocrx_word' id='word_1_103' title='bbox 150 1519 226 1578; x_wconf 89' lang='lat' dir='ltr'>farne</span> <span class='ocrx_word' id='word_1_104' title='bbox 241 1519 407 1606; x_wconf 82' lang='lat' dir='ltr'>necandam</span> <span class='ocrx_word' id='word_1_105' title='bbox 426 1528 537 1593; x_wconf 89' lang='lat' dir='ltr'>putent.</span> <span class='ocrx_word' id='word_1_106' title='bbox 579 1519 676 1595; x_wconf 92' lang='lat' dir='ltr'>Atque</span> <span class='ocrx_word' id='word_1_107' title='bbox 695 1519 753 1577; x_wconf 93' lang='lat' dir='ltr'>hoc</span> <span class='ocrx_word' id='word_1_108' title='bbox 774 1538 835 1577; x_wconf 90' lang='lat' dir='ltr'>non</span> <span class='ocrx_word' id='word_1_109' title='bbox 857 1520 996 1594; x_wconf 92' lang='lat' dir='ltr'>opinione</span> 
     </span>
     <span class='ocr_line' id='line_1_14' title="bbox 50 1617 996 1686; baseline -0.002 -10"><span class='ocrx_word' id='word_1_110' title='bbox 50 1621 151 1686; x_wconf 88' lang='lat' dir='ltr'>timeo,</span> <span class='ocrx_word' id='word_1_111' title='bbox 167 1617 216 1676; x_wconf 90' lang='lat' dir='ltr'>sed</span> <span class='ocrx_word' id='word_1_112' title='bbox 232 1617 347 1675; x_wconf 88' lang='lat' dir='ltr'>interlui</span> <span class='ocrx_word' id='word_1_113' title='bbox 362 1619 562 1676; x_wconf 90' lang='lat' dir='ltr'>sermonibus:</span> <span class='ocrx_word' id='word_1_114' title='bbox 586 1619 682 1676; x_wconf 87' lang='lat' dir='ltr'>omnis</span> <span class='ocrx_word' id='word_1_115' title='bbox 702 1618 774 1676; x_wconf 90' lang='lat' dir='ltr'>haec</span> <span class='ocrx_word' id='word_1_116' title='bbox 789 1619 889 1677; x_wconf 88' lang='lat' dir='ltr'>classis</span> <span class='ocrx_word' id='word_1_117' title='bbox 907 1619 996 1678; x_wconf 83' lang='lat' dir='ltr'>Alex-</span> 
     </span>
     <span class='ocr_line' id='line_1_15' title="bbox 50 1713 997 1792; baseline -0.003 -15"><span class='ocrx_word' id='word_1_118' title='bbox 50 1717 162 1785; x_wconf 86' lang='lat' dir='ltr'>andria,</span> <span class='ocrx_word' id='word_1_119' title='bbox 178 1713 304 1785; x_wconf 89' lang='lat' dir='ltr'>Colchis,</span> <span class='ocrx_word' id='word_1_120' title='bbox 327 1715 416 1790; x_wconf 93' lang='lat' dir='ltr'>Tyr0,</span> <span class='ocrx_word' id='word_1_121' title='bbox 436 1713 554 1786; x_wconf 90' lang='lat' dir='ltr'>Sidone,</span> <span class='ocrx_word' id='word_1_122' title='bbox 569 1716 680 1787; x_wconf 84' lang='lat' dir='ltr'>Arad0,</span> <span class='ocrx_word' id='word_1_123' title='bbox 696 1717 803 1792; x_wconf 71' lang='lat' dir='ltr'>Cypro</span> <span class='ocrx_word' id='word_1_124' title='bbox 819 1717 997 1792; x_wconf 86' lang='lat' dir='ltr'>Pamphylia,</span> 
     </span>
     <span class='ocr_line' id='line_1_16' title="bbox 49 1811 996 1896; baseline -0.001 -22"><span class='ocrx_word' id='word_1_125' title='bbox 49 1815 151 1890; x_wconf 91' lang='lat' dir='ltr'>Lycia,</span> <span class='ocrx_word' id='word_1_126' title='bbox 173 1813 290 1884; x_wconf 84' lang='lat' dir='ltr'>Rhodo,</span> <span class='ocrx_word' id='word_1_127' title='bbox 312 1811 396 1882; x_wconf 91' lang='lat' dir='ltr'>Chio,</span> <span class='ocrx_word' id='word_1_128' title='bbox 419 1812 569 1896; x_wconf 70' lang='lat' dir='ltr'>Byqanti0,</span> <span class='ocrx_word' id='word_1_129' title='bbox 591 1813 697 1884; x_wconf 81' lang='lat' dir='ltr'>Lesbo,</span> <span class='ocrx_word' id='word_1_130' title='bbox 724 1814 855 1890; x_wconf 86' lang='lat' dir='ltr'>Smyrna,</span> <span class='ocrx_word' id='word_1_131' title='bbox 885 1814 996 1886; x_wconf 85' lang='lat' dir='ltr'>Mileto,</span> 
     </span>
     <span class='ocr_line' id='line_1_17' title="bbox 49 1911 996 1974; baseline -0.003 0"><span class='ocrx_word' id='word_1_132' title='bbox 49 1915 119 1974; x_wconf 93' lang='lat' dir='ltr'>Coo</span> <span class='ocrx_word' id='word_1_133' title='bbox 144 1913 182 1970; x_wconf 91' lang='lat' dir='ltr'>ad</span> <span class='ocrx_word' id='word_1_134' title='bbox 205 1911 440 1970; x_wconf 87' lang='lat' dir='ltr'>intercludendos</span> <span class='ocrx_word' id='word_1_135' title='bbox 464 1923 646 1970; x_wconf 88' lang='lat' dir='ltr'>commeatus</span> <span class='ocrx_word' id='word_1_136' title='bbox 668 1913 769 1971; x_wconf 84' lang='lat' dir='ltr'>ltaliae</span> <span class='ocrx_word' id='word_1_137' title='bbox 794 1925 822 1970; x_wconf 94' lang='lat' dir='ltr'>et</span> <span class='ocrx_word' id='word_1_138' title='bbox 847 1913 885 1971; x_wconf 92' lang='lat' dir='ltr'>ad</span> <span class='ocrx_word' id='word_1_139' title='bbox 909 1930 996 1972; x_wconf 89' lang='lat' dir='ltr'>occu·</span> 
     </span>
     <span class='ocr_line' id='line_1_18' title="bbox 46 2010 998 2090; baseline 0 -20"><span class='ocrx_word' id='word_1_140' title='bbox 46 2011 165 2090; x_wconf 88' lang='lat' dir='ltr'>pandas</span> <span class='ocrx_word' id='word_1_141' title='bbox 190 2010 390 2068; x_wconf 80' lang='lat' dir='ltr'>frumentarias</span> <span class='ocrx_word' id='word_1_142' title='bbox 413 2011 576 2085; x_wconf 86' lang='lat' dir='ltr'>provincias</span> <span class='ocrx_word' id='word_1_143' title='bbox 605 2020 797 2086; x_wconf 84' lang='lat' dir='ltr'>comparatur.</span> <span class='ocrx_word' id='word_1_144' title='bbox 840 2012 881 2068; x_wconf 88' lang='lat' dir='ltr'>At</span> <span class='ocrx_word' id='word_1_145' title='bbox 908 2029 998 2086; x_wconf 87' lang='lat' dir='ltr'>quarn</span> 
     </span>
     <span class='ocr_line' id='line_1_19' title="bbox 9 2108 998 2185; baseline -0.002 -17"><span class='ocrx_word' id='word_1_146' title='bbox 9 2117 11 2124; x_wconf 81' lang='grc'>’</span> <span class='ocrx_word' id='word_1_147' title='bbox 44 2111 148 2170; x_wconf 89' lang='lat' dir='ltr'>veniet</span> <span class='ocrx_word' id='word_1_148' title='bbox 169 2109 272 2166; x_wconf 73' lang='lat' dir='ltr'>iratus!</span> <span class='ocrx_word' id='word_1_149' title='bbox 305 2119 334 2166; x_wconf 92' lang='lat' dir='ltr'>et</span> <span class='ocrx_word' id='word_1_150' title='bbox 358 2109 392 2166; x_wconf 90' lang='lat' dir='ltr'>iis</span> <span class='ocrx_word' id='word_1_151' title='bbox 413 2108 532 2183; x_wconf 89' lang='lat' dir='ltr'>quidem</span> <span class='ocrx_word' id='word_1_152' title='bbox 554 2109 690 2179; x_wconf 83' lang='lat' dir='ltr'>maxime,</span> <span class='ocrx_word' id='word_1_153' title='bbox 712 2109 850 2185; x_wconf 89' lang='lat' dir='ltr'>quicum</span> <span class='ocrx_word' id='word_1_154' title='bbox 870 2108 998 2166; x_wconf 87' lang='lat' dir='ltr'>maxime</span> 
     </span>
     <span class='ocr_line' id='line_1_20' title="bbox 45 2207 998 2284; baseline -0.003 -15"><span class='ocrx_word' id='word_1_155' title='bbox 45 2209 164 2270; x_wconf 84' lang='lat' dir='ltr'>salvum</span> <span class='ocrx_word' id='word_1_156' title='bbox 192 2207 336 2276; x_wconf 87' lang='lat' dir='ltr'>volebant,</span> <span class='ocrx_word' id='word_1_157' title='bbox 364 2208 447 2282; x_wconf 86' lang='lat' dir='ltr'>quasi</span> <span class='ocrx_word' id='word_1_158' title='bbox 482 2207 596 2265; x_wconf 87' lang='lat' dir='ltr'>relictus</span> <span class='ocrx_word' id='word_1_159' title='bbox 627 2209 665 2264; x_wconf 90' lang='lat' dir='ltr'>ab</span> <span class='ocrx_word' id='word_1_160' title='bbox 693 2208 737 2277; x_wconf 79' lang='lat' dir='ltr'>ile,</span> <span class='ocrx_word' id='word_1_161' title='bbox 766 2225 841 2284; x_wconf 93' lang='lat' dir='ltr'>quos</span> <span class='ocrx_word' id='word_1_162' title='bbox 875 2207 998 2281; x_wconf 88' lang='lat' dir='ltr'>reliquit.</span> 
     </span>
     <span class='ocr_line' id='line_1_21' title="bbox 42 2304 999 2382; baseline -0.003 -17"><span class='ocrx_word' id='word_1_163' title='bbox 42 2309 155 2382; x_wconf 82' lang='lat' dir='ltr'>Itaque</span> <span class='ocrx_word' id='word_1_164' title='bbox 170 2306 209 2364; x_wconf 90' lang='lat' dir='ltr'>rni</span> <span class='ocrx_word' id='word_1_165' title='bbox 231 2306 240 2362; x_wconf 92' lang='lat' dir='ltr'>i</span> <span class='ocrx_word' id='word_1_166' title='bbox 255 2305 403 2376; x_wconf 90' lang='lat' dir='ltr'>dubitanti,</span> <span class='ocrx_word' id='word_1_167' title='bbox 420 2306 491 2382; x_wconf 93' lang='lat' dir='ltr'>quid</span> <span class='ocrx_word' id='word_1_168' title='bbox 508 2324 556 2362; x_wconf 92' lang='lat' dir='ltr'>me</span> <span class='ocrx_word' id='word_1_169' title='bbox 571 2304 665 2364; x_wconf 85' lang='lat' dir='ltr'>lacere</span> <span class='ocrx_word' id='word_1_170' title='bbox 679 2323 731 2380; x_wconf 88' lang='lat' dir='ltr'>par</span> <span class='ocrx_word' id='word_1_171' title='bbox 745 2306 789 2377; x_wconf 90' lang='lat' dir='ltr'>sit,</span> <span class='ocrx_word' id='word_1_172' title='bbox 805 2323 999 2380; x_wconf 86' lang='lat' dir='ltr'>permagnum</span> 
     </span>
     <span class='ocr_line' id='line_1_22' title="bbox 42 2403 998 2484; baseline -0.003 -19"><span class='ocrx_word' id='word_1_173' title='bbox 42 2405 171 2484; x_wconf 89' lang='lat' dir='ltr'>pondus</span> <span class='ocrx_word' id='word_1_174' title='bbox 185 2403 277 2462; x_wconf 83' lang='lat' dir='ltr'>adfert</span> <span class='ocrx_word' id='word_1_175' title='bbox 290 2404 492 2462; x_wconf 88' lang='lat' dir='ltr'>benevolentia</span> <span class='ocrx_word' id='word_1_176' title='bbox 506 2423 577 2480; x_wconf 83' lang='lat' dir='ltr'>erga</span> <span class='ocrx_word' id='word_1_177' title='bbox 590 2403 679 2475; x_wconf 93' lang='lat' dir='ltr'>illum,</span> <span class='ocrx_word' id='word_1_178' title='bbox 694 2423 753 2479; x_wconf 88' lang='lat' dir='ltr'>qua</span> <span class='ocrx_word' id='word_1_179' title='bbox 768 2405 887 2480; x_wconf 89' lang='lat' dir='ltr'>dempta</span> <span class='ocrx_word' id='word_1_180' title='bbox 906 2405 998 2479; x_wconf 88' lang='lat' dir='ltr'>perire</span> 
     </span>
     <span class='ocr_line' id='line_1_23' title="bbox 41 2503 997 2580; baseline -0.003 -16"><span class='ocrx_word' id='word_1_181' title='bbox 41 2503 156 2564; x_wconf 89' lang='lat' dir='ltr'>melius</span> <span class='ocrx_word' id='word_1_182' title='bbox 178 2513 254 2562; x_wconf 91' lang='lat' dir='ltr'>esset</span> <span class='ocrx_word' id='word_1_183' title='bbox 276 2503 306 2559; x_wconf 94' lang='lat' dir='ltr'>in</span> <span class='ocrx_word' id='word_1_184' title='bbox 330 2504 423 2579; x_wconf 89' lang='lat' dir='ltr'>patria</span> <span class='ocrx_word' id='word_1_185' title='bbox 444 2521 532 2580; x_wconf 89' lang='lat' dir='ltr'>quam</span> <span class='ocrx_word' id='word_1_186' title='bbox 554 2503 676 2579; x_wconf 86' lang='lat' dir='ltr'>patriam</span> <span class='ocrx_word' id='word_1_187' title='bbox 699 2504 841 2560; x_wconf 88' lang='lat' dir='ltr'>servando</span> <span class='ocrx_word' id='word_1_188' title='bbox 863 2513 997 2561; x_wconf 86' lang='lat' dir='ltr'>evertere.</span> 
     </span>
     <span class='ocr_line' id='line_1_24' title="bbox 40 2599 998 2676; baseline 0.001 -17"><span class='ocrx_word' id='word_1_189' title='bbox 40 2603 94 2660; x_wconf 92' lang='lat' dir='ltr'>De</span> <span class='ocrx_word' id='word_1_190' title='bbox 112 2601 321 2676; x_wconf 88' lang='lat' dir='ltr'>septemtrione</span> <span class='ocrx_word' id='word_1_191' title='bbox 335 2601 420 2676; x_wconf 85' lang='lat' dir='ltr'>plane</span> <span class='ocrx_word' id='word_1_192' title='bbox 435 2602 474 2660; x_wconf 86' lang='lat' dir='ltr'>ita</span> <span class='ocrx_word' id='word_1_193' title='bbox 489 2613 550 2669; x_wconf 90' lang='lat' dir='ltr'>est;</span> <span class='ocrx_word' id='word_1_194' title='bbox 573 2611 671 2660; x_wconf 87' lang='lat' dir='ltr'>metuo</span> <span class='ocrx_word' id='word_1_195' title='bbox 691 2619 727 2658; x_wconf 89' lang='lat' dir='ltr'>ne</span> <span class='ocrx_word' id='word_1_196' title='bbox 747 2611 864 2660; x_wconf 80' lang='lat' dir='ltr'>vexetur</span> <span class='ocrx_word' id='word_1_197' title='bbox 883 2599 998 2676; x_wconf 87' lang='lat' dir='ltr'>Epirus.</span> 
     </span>
     <span class='ocr_line' id='line_1_25' title="bbox 41 2699 998 2775; baseline -0.003 -16"><span class='ocrx_word' id='word_1_198' title='bbox 41 2701 109 2760; x_wconf 91' lang='lat' dir='ltr'>Sed</span> <span class='ocrx_word' id='word_1_199' title='bbox 133 2717 224 2775; x_wconf 90' lang='lat' dir='ltr'>quem</span> <span class='ocrx_word' id='word_1_200' title='bbox 248 2709 280 2756; x_wconf 90' lang='lat' dir='ltr'>tu</span> <span class='ocrx_word' id='word_1_201' title='bbox 302 2699 400 2756; x_wconf 90' lang='lat' dir='ltr'>locum</span> <span class='ocrx_word' id='word_1_202' title='bbox 426 2699 565 2757; x_wconf 85' lang='lat' dir='ltr'>Graeciae</span> <span class='ocrx_word' id='word_1_203' title='bbox 587 2717 648 2757; x_wconf 94' lang='lat' dir='ltr'>non</span> <span class='ocrx_word' id='word_1_204' title='bbox 671 2700 814 2774; x_wconf 87' lang='lat' dir='ltr'>direptum</span> <span class='ocrx_word' id='word_1_205' title='bbox 839 2700 871 2756; x_wconf 87' lang='lat' dir='ltr'>iri</span> <span class='ocrx_word' id='word_1_206' title='bbox 893 2701 998 2774; x_wconf 87' lang='lat' dir='ltr'>putas?</span> 
     </span>
     <span class='ocr_line' id='line_1_26' title="bbox 38 2796 1000 2873; baseline -0.001 -15"><span class='ocrx_word' id='word_1_207' title='bbox 38 2799 205 2858; x_wconf 86' lang='lat' dir='ltr'>Praedicat</span> <span class='ocrx_word' id='word_1_208' title='bbox 225 2798 304 2854; x_wconf 91' lang='lat' dir='ltr'>enim</span> <span class='ocrx_word' id='word_1_209' title='bbox 324 2796 420 2872; x_wconf 88' lang='lat' dir='ltr'>palam</span> <span class='ocrx_word' id='word_1_210' title='bbox 441 2811 469 2856; x_wconf 87' lang='lat' dir='ltr'>er</span> <span class='ocrx_word' id='word_1_211' title='bbox 491 2797 627 2856; x_wconf 89' lang='lat' dir='ltr'>militibus</span> <span class='ocrx_word' id='word_1_212' title='bbox 651 2797 777 2855; x_wconf 90' lang='lat' dir='ltr'>ostendit</span> <span class='ocrx_word' id='word_1_213' title='bbox 796 2815 827 2856; x_wconf 91' lang='lat' dir='ltr'>se</span> <span class='ocrx_word' id='word_1_214' title='bbox 848 2798 1000 2873; x_wconf 86' lang='lat' dir='ltr'>largitione</span> 
     </span>
     <span class='ocr_line' id='line_1_27' title="bbox 36 2894 1000 2976; baseline -0.004 -18"><span class='ocrx_word' id='word_1_215' title='bbox 36 2903 112 2976; x_wconf 89' lang='lat' dir='ltr'>ipsa</span> <span class='ocrx_word' id='word_1_216' title='bbox 142 2897 323 2972; x_wconf 89' lang='lat' dir='ltr'>superiorem</span> <span class='ocrx_word' id='word_1_217' title='bbox 353 2914 442 2972; x_wconf 89' lang='lat' dir='ltr'>quam</span> <span class='ocrx_word' id='word_1_218' title='bbox 463 2895 540 2953; x_wconf 92' lang='lat' dir='ltr'>hunc</span> <span class='ocrx_word' id='word_1_219' title='bbox 569 2895 639 2954; x_wconf 86' lang='lat' dir='ltr'>lore.</span> <span class='ocrx_word' id='word_1_220' title='bbox 683 2894 757 2952; x_wconf 93' lang='lat' dir='ltr'>Illud</span> <span class='ocrx_word' id='word_1_221' title='bbox 778 2914 826 2952; x_wconf 90' lang='lat' dir='ltr'>me</span> <span class='ocrx_word' id='word_1_222' title='bbox 854 2897 1000 2971; x_wconf 88' lang='lat' dir='ltr'>praeclare</span> 
     </span>
     <span class='ocr_line' id='line_1_28' title="bbox 37 2993 1000 3069; baseline -0.002 -13"><span class='ocrx_word' id='word_1_223' title='bbox 37 2999 204 3066; x_wconf 89' lang='lat' dir='ltr'>admones,</span> <span class='ocrx_word' id='word_1_224' title='bbox 226 3013 294 3052; x_wconf 91' lang='lat' dir='ltr'>cum</span> <span class='ocrx_word' id='word_1_225' title='bbox 315 2993 395 3052; x_wconf 92' lang='lat' dir='ltr'>illum</span> <span class='ocrx_word' id='word_1_226' title='bbox 416 2993 525 3064; x_wconf 84' lang='lat' dir='ltr'>videro,</span> <span class='ocrx_word' id='word_1_227' title='bbox 548 3012 584 3052; x_wconf 92' lang='lat' dir='ltr'>ne</span> <span class='ocrx_word' id='word_1_228' title='bbox 606 2994 693 3052; x_wconf 90' lang='lat' dir='ltr'>nimis</span> <span class='ocrx_word' id='word_1_229' title='bbox 714 2993 896 3069; x_wconf 87' lang='lat' dir='ltr'>indulgenter</span> <span class='ocrx_word' id='word_1_230' title='bbox 917 3005 946 3052; x_wconf 91' lang='lat' dir='ltr'>et</span> <span class='ocrx_word' id='word_1_231' title='bbox 968 3005 1000 3054; x_wconf 91' lang='lat' dir='ltr'>ut</span> 
     </span>
     <span class='ocr_line' id='line_1_29' title="bbox 35 3090 1000 3168; baseline -0.007 -13"><span class='ocrx_word' id='word_1_232' title='bbox 35 3114 116 3156; x_wconf 90' lang='lat' dir='ltr'>cum</span> <span class='ocrx_word' id='word_1_233' title='bbox 132 3093 273 3168; x_wconf 83' lang='lat' dir='ltr'>gravitate</span> <span class='ocrx_word' id='word_1_234' title='bbox 287 3093 385 3168; x_wconf 91' lang='lat' dir='ltr'>potius</span> <span class='ocrx_word' id='word_1_235' title='bbox 399 3091 517 3167; x_wconf 87' lang='lat' dir='ltr'>loquar:</span> <span class='ocrx_word' id='word_1_236' title='bbox 539 3091 624 3166; x_wconf 88' lang='lat' dir='ltr'>plane</span> <span class='ocrx_word' id='word_1_237' title='bbox 640 3091 680 3149; x_wconf 93' lang='lat' dir='ltr'>sic</span> <span class='ocrx_word' id='word_1_238' title='bbox 695 3090 871 3150; x_wconf 87' lang='lat' dir='ltr'>faciendum.</span> <span class='ocrx_word' id='word_1_239' title='bbox 915 3091 1000 3166; x_wconf 83' lang='lat' dir='ltr'>Arpi-</span> 
     </span>
     <span class='ocr_line' id='line_1_30' title="bbox 34 3189 999 3272; baseline -0.005 -21"><span class='ocrx_word' id='word_1_240' title='bbox 34 3210 129 3263; x_wconf 87' lang='lat' dir='ltr'>num,</span> <span class='ocrx_word' id='word_1_241' title='bbox 155 3209 223 3250; x_wconf 91' lang='lat' dir='ltr'>cum</span> <span class='ocrx_word' id='word_1_242' title='bbox 249 3209 316 3248; x_wconf 91' lang='lat' dir='ltr'>eum</span> <span class='ocrx_word' id='word_1_243' title='bbox 341 3189 703 3264; x_wconf 78' lang='lat' dir='ltr'>convenero,c0gi10,ne</span> <span class='ocrx_word' id='word_1_244' title='bbox 732 3189 805 3247; x_wconf 87' lang='lat' dir='ltr'>forte</span> <span class='ocrx_word' id='word_1_245' title='bbox 827 3201 876 3248; x_wconf 87' lang='lat' dir='ltr'>aut</span> <span class='ocrx_word' id='word_1_246' title='bbox 897 3191 999 3272; x_wconf 83' lang='lat' dir='ltr'>absim,</span> 
     </span>
     <span class='ocr_line' id='line_1_31' title="bbox 32 3287 1000 3359; baseline -0.005 -8"><span class='ocrx_word' id='word_1_247' title='bbox 32 3310 113 3351; x_wconf 90' lang='lat' dir='ltr'>curn</span> <span class='ocrx_word' id='word_1_248' title='bbox 138 3289 244 3359; x_wconf 91' lang='lat' dir='ltr'>veniet,</span> <span class='ocrx_word' id='word_1_249' title='bbox 267 3300 315 3346; x_wconf 90' lang='lat' dir='ltr'>aut</span> <span class='ocrx_word' id='word_1_250' title='bbox 337 3306 451 3346; x_wconf 89' lang='lat' dir='ltr'>cursem</span> <span class='ocrx_word' id='word_1_251' title='bbox 473 3287 529 3345; x_wconf 92' lang='lat' dir='ltr'>huc</span> <span class='ocrx_word' id='word_1_252' title='bbox 554 3287 620 3345; x_wconf 93' lang='lat' dir='ltr'>illuc</span> <span class='ocrx_word' id='word_1_253' title='bbox 641 3287 686 3344; x_wconf 88' lang='lat' dir='ltr'>via</span> <span class='ocrx_word' id='word_1_254' title='bbox 708 3287 868 3346; x_wconf 89' lang='lat' dir='ltr'>deterrima.</span> <span class='ocrx_word' id='word_1_255' title='bbox 911 3287 1000 3348; x_wconf 90' lang='lat' dir='ltr'>Bibu-</span> 
     </span>
     <span class='ocr_line' id='line_1_32' title="bbox 31 3385 998 3461; baseline -0.005 -13"><span class='ocrx_word' id='word_1_256' title='bbox 31 3392 114 3460; x_wconf 92' lang='lat' dir='ltr'>lum,</span> <span class='ocrx_word' id='word_1_257' title='bbox 131 3397 169 3446; x_wconf 93' lang='lat' dir='ltr'>ut</span> <span class='ocrx_word' id='word_1_258' title='bbox 182 3387 291 3456; x_wconf 77' lang='lat' dir='ltr'>scribiS,</span> <span class='ocrx_word' id='word_1_259' title='bbox 314 3386 401 3444; x_wconf 90' lang='lat' dir='ltr'>audio</span> <span class='ocrx_word' id='word_1_260' title='bbox 422 3385 536 3444; x_wconf 90' lang='lat' dir='ltr'>venisse</span> <span class='ocrx_word' id='word_1_261' title='bbox 557 3395 586 3443; x_wconf 90' lang='lat' dir='ltr'>et</span> <span class='ocrx_word' id='word_1_262' title='bbox 606 3385 716 3444; x_wconf 90' lang='lat' dir='ltr'>redisse</span> <span class='ocrx_word' id='word_1_263' title='bbox 736 3386 827 3461; x_wconf 91' lang='lat' dir='ltr'>pridie</span> <span class='ocrx_word' id='word_1_264' title='bbox 850 3385 928 3444; x_wconf 86' lang='lat' dir='ltr'>Idus.</span> <span class='ocrx_word' id='word_1_265' title='bbox 972 3405 998 3458; x_wconf 82' lang='lat'>3.</span> 
     </span>
     <span class='ocr_line' id='line_1_33' title="bbox 30 3482 1000 3560; baseline -0.006 -14"><span class='ocrx_word' id='word_1_266' title='bbox 30 3485 250 3557; x_wconf 90' lang='lat' dir='ltr'>Philotimum,</span> <span class='ocrx_word' id='word_1_267' title='bbox 275 3495 307 3542; x_wconf 92' lang='lat' dir='ltr'>ut</span> <span class='ocrx_word' id='word_1_268' title='bbox 335 3485 377 3542; x_wconf 86' lang='lat' dir='ltr'>ais</span> <span class='ocrx_word' id='word_1_269' title='bbox 403 3483 525 3559; x_wconf 89' lang='lat' dir='ltr'>epistola</span> <span class='ocrx_word' id='word_1_270' title='bbox 551 3484 641 3554; x_wconf 87' lang='lat' dir='ltr'>tertia,</span> <span class='ocrx_word' id='word_1_271' title='bbox 665 3485 874 3560; x_wconf 83' lang='lat' dir='ltr'>exspectabas;</span> <span class='ocrx_word' id='word_1_272' title='bbox 904 3482 1000 3541; x_wconf 89' lang='lat' dir='ltr'>atille</span> 
     </span>
    </p>
   </div>
   <div class='ocr_carea' id='block_1_3' title="bbox 0 0 1232 3842">
    <p class='ocr_par' dir='ltr' id='par_1_3' title="bbox 0 0 1232 3842">
     <span class='ocr_line' id='line_1_34' title="bbox 0 0 1232 3842; baseline 0 9"><span class='ocrx_word' id='word_1_273' title='bbox 0 0 1232 3842; x_wconf 95' lang='lat' dir='ltr'> </span> 
     </span>
    </p>
   </div>
  </div>
 </body>
</html>
