2454 3842
202 173 261 236 142
471 168 509 216 ru.
536 165 655 216 ruaarr
676 168 866 218 cronacum
1022 153 1092 238 [ears
1108 170 1150 217 ur.

198 332 231 380 tu
256 328 351 378 autem
377 319 583 379 consolationis
607 319 729 380 sortasse
753 320 862 396 aliquid
885 319 1081 396 exspectasti:
1111 320 1152 379 ni-

199 419 239 478 hil
266 418 391 488 inveni0,
420 417 489 476 nihil
518 418 578 476 fieri
607 427 703 494 potest
730 419 872 490 miserius,
900 419 971 476 nihil
997 419 1152 495 perditius,

200 517 271 576 nihil
299 517 421 576 foedius.
472 529 498 590 5.
527 517 618 590 Quod
645 519 766 592 quaeris,
792 517 863 594 quid
897 517 1006 577 Caesar
1034 518 1077 576 ad
1106 536 1153 576 me

202 617 355 692 scripserit,
376 615 456 695 quod
482 633 578 691 saepe,
600 617 797 691 gratissimum
819 616 872 676 sibi
893 617 1061 692 essequod
1090 617 1153 692 qui·

202 717 281 787 erim,
296 723 417 788 oratque
438 723 469 770 tu
490 731 527 771 eo
548 724 579 771 ut
601 733 790 790 perseverem.
832 714 942 774 Balbus
961 713 1057 772 minor
1079 715 1154 772 haec

202 815 304 874 eadem
319 813 446 870 mandat.
482 812 541 870 lter
554 823 652 871 autem
667 815 728 872 eius
741 824 802 874 erat
816 815 853 874 ad
868 814 1027 874 Lentulum
1041 833 1154 873 consu·

202 914 260 971 lem
289 929 356 971 cum
379 911 478 970 litteris
504 909 637 970 Caesaris
662 913 918 988 praemiorumque
942 914 1108 989 promissis,
1131 913 1155 970 si

203 1010 331 1070 Romam
348 1008 525 1080 revertisset;
546 1027 654 1080 verum,
670 1027 736 1068 cum
755 1009 850 1069 habeo
868 1012 1012 1068 rationem
1027 1011 1154 1081 dierum,

202 1120 269 1170 ante
283 1118 354 1186 puto
368 1108 574 1179 tramissurum,
583 1127 672 1184 quam
687 1111 812 1186 potuerit
827 1110 983 1169 conveniri.
1019 1111 1046 1167 6.
1062 1107 1156 1186 Epis·

203 1209 327 1267 tolarum
341 1206 473 1282 Pompeii
488 1207 620 1280 duarum,
635 1226 708 1284 quas
723 1209 760 1266 ad
774 1227 821 1266 me
835 1208 922 1280 misit,
933 1209 1155 1285 neglegentiam

203 1323 358 1381 meamque
373 1307 403 1362 in
417 1305 603 1365 rescribendo
619 1305 797 1382 diligentiam
808 1308 885 1366 volui
896 1308 947 1366 tibi
958 1317 1061 1366 notam
1073 1325 1155 1366 esse:

203 1422 303 1464 earum
317 1403 450 1479 exempla
465 1404 502 1462 ad
515 1413 543 1462 te
557 1404 631 1463 misi.
675 1418 701 1479 7.
723 1404 856 1464 Caesaris
873 1406 920 1464 hic
940 1424 992 1481 per
1010 1406 1155 1482 Apuliam

203 1505 241 1565 ad
268 1502 454 1562 Brundisium
482 1521 582 1561 cursus
611 1503 681 1579 quid
709 1504 820 1577 efficiat,
849 1514 1007 1582 exspecto:
1036 1505 1154 1563 utinam

203 1601 312 1679 aliquid
340 1601 430 1659 simile
459 1601 598 1660 Parthicis
626 1602 731 1660 rebusl
762 1602 847 1661 simul
875 1602 984 1678 aliquid
1020 1603 1154 1674 audiero,

204 1701 328 1762 scribam
357 1698 394 1757 ad
422 1709 469 1758 te:
499 1710 530 1757 tu
554 1699 592 1758 ad
620 1719 667 1758 me
695 1701 780 1758 velim
808 1703 955 1760 bonorum
980 1719 1154 1774 sermones;

205 1801 319 1860 Romae
344 1797 508 1874 frequentes
531 1817 595 1858 esse
621 1800 762 1869 dicuntur.
805 1799 873 1860 Scio
898 1799 1037 1876 equidem
1064 1809 1095 1858 te
1125 1802 1155 1858 in

204 1899 353 1980 publicum
368 1915 430 1955 non
449 1897 581 1972 prodire,
590 1897 642 1956 sed
657 1908 754 1956 tamen
769 1899 868 1957 audire
882 1909 910 1958 te
925 1899 1016 1957 multa
1030 1917 1155 1959 necesse

205 2009 256 2058 est.
299 1995 421 2054 Memini
439 1995 544 2054 librum
563 1997 614 2054 tibi
634 1996 738 2055 adferri
757 2015 775 2054 a
792 1997 942 2056 Demetrio
957 1997 1103 2073 Magnete
1118 1997 1156 2056 ad

204 2108 233 2156 te
254 2095 375 2153 missum
396 2089 483 2174 [scio]
503 2097 561 2168 περὶ
582 2097 707 2166 ὁμονοίας.
747 2095 824 2154 Eum
845 2095 917 2155 mihi
937 2095 1023 2155 velim
1045 2095 1155 2155 mittas.
1219 2083 1220 2088 ¹

204 2195 305 2267 Vides,
319 2211 407 2270 quam
422 2211 541 2252 causam
555 2193 686 2254 mediter.

409 2354 456 2410 57.
497 2350 555 2408 Ao
576 2350 772 2412 Arrrcuu
793 2351 880 2413 vm:
903 2372 947 2429 13.

316 2467 381 2526 Scn.
404 2466 526 2525 Fornurs
547 2466 700 2526 Knruunrs
721 2467 851 2527 Mantus
871 2487 957 2529 auc.
978 2480 993 2542 7
1019 2481 1047 2542 5.

524 2592 626 2634 cronno
647 2593 753 2635 amco
774 2594 835 2636 sar..

252 2707 275 2746 1.
297 2686 494 2747 Lu’rrrunrurs
513 2707 596 2748 meae
616 2689 733 2765 signum
751 2690 802 2748 tibi
822 2691 857 2748 sit
873 2690 979 2748 librarii
997 2707 1107 2750 manus
1130 2700 1159 2750 et

207 2785 310 2845 eadem
330 2802 418 2843 causa
436 2786 588 2856 brevitatis,
604 2787 657 2844 etsi
673 2804 751 2846 nunc
766 2786 885 2863 quidem
900 2786 980 2863 quod
996 2787 1159 2847 scriberem

206 2882 277 2943 nihil
295 2893 367 2942 erat:
391 2885 487 2943 omnis
507 2885 685 2960 exspectatio
703 2894 803 2944 nostra
817 2895 876 2944 erat
890 2886 921 2943 in
935 2886 1043 2944 nuntiis
1060 2886 1159 2944 Brun·

207 2982 316 3043 disinis.
359 2981 389 3041 Si
403 2991 506 3042 nactus
520 2984 567 3042 hic
582 2993 657 3042 esset
672 2982 808 3042 Gnaeum
819 2992 961 3056 nostrum,
977 3001 1044 3059 spes
1067 2984 1160 3044 dubia

207 3081 295 3158 pacis,
311 3081 355 3140 sin
376 3081 421 3140 ille
443 3091 509 3140 ante
530 3083 709 3153 tramisisset,
723 3082 837 3140 exitiosi
857 3082 924 3140 belli
946 3091 1051 3142 metus.
1096 3083 1160 3142 Sed

206 3179 335 3250 videsne,
355 3181 385 3237 in
407 3199 496 3256 quem
516 3181 667 3240 hominem
688 3181 819 3239 inciderit
839 3198 885 3238 res
906 3180 1043 3256 publica?
1066 3199 1160 3258 quam

207 3287 333 3350 acutum,
353 3297 442 3355 quam
463 3279 637 3355 vigilantem,
660 3296 749 3354 quam
769 3279 922 3354 paratum?
945 3278 969 3338 si
989 3279 1160 3340 mehercule

207 3377 354 3436 neminem
377 3375 517 3434 occiderit
541 3394 596 3434 nec
617 3377 751 3451 cuiquam
770 3376 927 3452 quicquam
949 3377 1097 3449 ademerit,
1121 3380 1159 3437 ab
