2432 3844
213 273 251 321 12
489 268 526 320 n.
552 267 670 316 rourrr
692 267 878 316 cronnonrs
1050 256 1118 338 [rm
1132 269 1148 320 ι.

210 425 373 500 placebant,
395 424 530 483 sednon
554 426 699 484 audebam
721 435 807 483 antea
830 425 942 496 dicere;
973 441 1054 482 nunc
1076 441 1147 492 vero,

210 523 290 600 quod
311 542 328 581 a
346 534 374 582 te
398 525 519 600 probata
541 533 615 596 sunt,
635 524 726 583 multo
751 524 822 582 mihi
842 525 993 596 ἀπικώτερα
1010 523 1145 581 videntur.

209 622 245 680 In
259 622 336 680 illam
351 623 512 681 orationem
523 623 701 682 Metellinam
715 622 814 681 addidi
828 621 992 698 quaedam:
1015 621 1089 678 liber
1102 621 1147 678 tibi

209 725 343 792 mittetur,
365 724 504 798 quoniam
526 733 554 781 te
579 741 661 781 amor
685 722 775 780 nostri
799 721 995 797 philorhetora
1020 719 1148 778 reddidit.

210 821 236 878 6.
261 820 337 881 Novi
361 823 412 880 tibi
433 822 572 898 quidnam
594 821 737 880 scribam?
759 820 848 896 quid?
870 819 964 878 etiam.
1014 817 1148 878 Messalla

208 921 311 979 consul
335 921 545 980 Autronianam
569 921 689 978 domum
711 920 780 977 emit
801 917 863 978 HS.
885 937 1010 978 cxxxrnr.
1053 916 1148 988 ‘Quid

207 1020 237 1077 id
257 1020 295 1078 ad
311 1018 393 1076 mel’
409 1019 529 1095 inquies.
571 1020 708 1091 Tantum,
725 1019 805 1094 quod
824 1036 859 1075 ea
876 1017 1025 1093 emptione
1047 1026 1076 1076 et
1094 1033 1147 1074 nos

207 1119 282 1176 bene
304 1119 409 1176 emisse
429 1118 544 1176 iudicati
566 1136 665 1176 sumus
688 1127 718 1176 et
738 1116 873 1176 homines
894 1116 1058 1192 intellegere
1083 1133 1148 1174 coe·

206 1225 321 1292 perunt,
342 1216 426 1275 licere
448 1218 606 1275 amicorum
627 1217 807 1276 facultatibus
828 1217 858 1273 in
880 1214 1005 1274 emendo
1026 1214 1063 1272 ad
1085 1213 1146 1288 dig·

205 1315 326 1372 nitatem
341 1314 466 1390 aliquam
480 1316 636 1392 pervenire.
679 1315 801 1374 Teucris
814 1315 861 1374 illa
873 1315 983 1373 lentum
997 1313 1146 1389 negotium

205 1422 259 1482 est,
272 1413 324 1470 sed
338 1422 436 1471 tamen
454 1424 497 1473 est
514 1415 543 1472 in
559 1433 619 1491 spe.
648 1415 697 1472 Tu
710 1415 765 1473 ista
779 1413 900 1472 confice.
928 1412 956 1470 A
967 1413 1052 1470 nobis
1062 1411 1145 1469 liber-

205 1512 298 1569 iorem
320 1511 473 1587 epistolam
495 1522 640 1589 exspecta.
686 1531 725 1570 vr.
747 1512 812 1570 Kal.
835 1511 920 1572 Febr.
941 1510 984 1570 M.
1010 1508 1144 1570 Messalla

206 1609 248 1671 M.
264 1609 369 1669 Pisone
390 1630 467 1671 coss,

451 1776 477 1830 7.
519 1772 576 1830 AD
598 1772 791 1832 ATTICUM
812 1773 836 1832 Ι.
862 1792 906 1844 14.

414 1881 478 1940 Scn.
503 1881 612 1942 Ronan
633 1902 673 1941 ru.
694 1903 757 1944 rna.
778 1902 863 1944 nuc.
879 1887 947 1960 ⁶93·

523 2007 625 2048 cronno
646 2007 752 2050 nr'rrco
773 2008 835 2052 sar..

251 2120 274 2162 r.
297 2101 426 2162 Vanuon
448 2123 485 2163 ne
509 2104 643 2180 putidum
667 2105 704 2163 sit
724 2105 848 2163 scribere
868 2103 906 2162 ad
926 2113 964 2174 te,
986 2119 1075 2179 quam
1097 2103 1147 2161 sim

205 2213 371 2280 occupatus,
396 2203 449 2262 sed
476 2214 574 2262 tamen
602 2203 766 2274 distinebar,
791 2211 822 2261 ut
852 2203 918 2261 huic
934 2203 994 2260 ·vix
1021 2202 1145 2260 tantulae

204 2303 343 2379 epistolae
366 2314 481 2380 tempus
502 2303 652 2361 habuerim
675 2313 761 2378 atque
783 2302 813 2360 id
835 2312 966 2379 ereptum
987 2320 1003 2359 e
1025 2301 1144 2359 summis

205 2401 452 2477 occupationibus.
495 2401 591 2460 Prima
624 2402 722 2459 contio
756 2399 888 2476 Pompeii
917 2399 1008 2476 qualis
1035 2398 1144 2472 fuisset,

205 2500 307 2576 scripsi
322 2499 359 2558 ad
373 2509 401 2557 te
416 2510 516 2558 antea:
538 2518 599 2558 non
614 2498 740 2557 iucunda
753 2499 874 2570 miseris,
888 2499 981 2557 inanis
994 2499 1144 2575 improbiS,

204 2597 296 2654 beatis
311 2614 371 2654 non
385 2607 475 2672 grata,
486 2599 573 2656 bonis
587 2615 647 2655 non
662 2598 771 2673 gravis;
791 2597 887 2674 itaque
901 2597 1031 2673 frigebat.
1067 2597 1145 2655 Tum

205 2693 319 2752 Pisonis
334 2695 461 2753 consulis
475 2695 601 2772 impulsu
617 2695 778 2753 levissimus
797 2697 929 2754 tribunus
946 2695 983 2771 pl.
998 2694 1098 2753 Fufius
1117 2696 1145 2752 in

205 2793 375 2850 contionem
401 2793 535 2868 producit
564 2793 824 2869 Pompeium-res
851 2795 991 2869 agebatur
1013 2793 1044 2850 in
1068 2795 1146 2852 circo

205 2889 347 2949 Flaminio
376 2899 404 2948 et
431 2900 490 2948 erat
517 2891 548 2948 in
572 2909 608 2949 eo
630 2892 695 2968 ipso
719 2892 785 2950 loco
807 2892 855 2950 illo
880 2893 926 2951 die
952 2891 1146 2950 nundinarum

204 2990 399 3063 nemppe-3
422 2989 560 3066 quaesivit
577 3008 614 3048 ex
628 3008 674 3062 eo,
688 2991 851 3067 placeretne
868 2991 895 3048 ei
909 2991 1019 3049 iudices
1032 3009 1050 3048 a
1064 3009 1145 3066 prae-

204 3098 267 3146 tore
291 3087 356 3163 legi,
378 3105 437 3163 quo
459 3087 581 3146 consilio
602 3087 679 3146 idem
699 3100 815 3165 praetor
835 3098 976 3147 uteretur:
998 3087 1028 3147 id
1049 3098 1145 3148 autem

204 3195 266 3244 erat
279 3186 315 3244 de
330 3185 473 3246 Clodiana
483 3186 622 3263 religione
634 3189 671 3246 ab
683 3197 785 3246 senatu
796 3189 993 3248 constitutum.
1024 3205 1050 3244 2.
1067 3187 1144 3246 Tum
1193 3183 1195 3194 '

204 3285 362 3360 Pompeius
395 3286 455 3356 μάλ’
490 3286 703 3360 ἀριστοκρατικῶς
740 3286 853 3344 locutus
891 3295 934 3345 est
972 3296 1145 3364 senatusque

205 3384 404 3443 auctoritatem
429 3383 482 3443 sibi
506 3385 644 3442 omnibus
663 3384 694 3441 in
715 3385 800 3443 rebus
820 3384 940 3442 maximi
961 3383 1050 3442 videri
1071 3403 1144 3442 sem·

205 3499 314 3560 perque
333 3483 423 3543 visam
442 3500 507 3542 esse
526 3483 675 3557 respondit
694 3492 723 3540 et
739 3482 769 3541 id
785 3483 882 3541 multis
896 3484 998 3542 verbis.
1040 3481 1143 3542 Postea
