2452 3842
195 195 257 260 216
474 207 511 260 ra.
538 207 657 256 runnrr
678 208 866 257 creaaoms
1018 196 1092 279 [pars
1107 210 1148 256 rr.

368 428 434 484 102.
476 423 534 483 AD
554 423 807 483 FAMILIARES
830 423 914 482 XIII.
939 443 968 496 4.

343 541 409 602 Sca.
425 540 534 600 Roma
556 558 649 598 nausa
671 538 805 600 Ocroaru
826 559 910 600 nuc.
928 554 999 617 709.

243 667 274 708 n.
289 666 392 709 memo
406 665 427 706 s.
444 666 471 706 n.
483 665 510 714 Q.
524 665 651 705 vansmo
665 665 692 714 o.
708 665 734 705 a.
749 665 843 706 ortena
856 665 974 707 monuo
990 667 1098 708 rausa.

237 786 261 824 1.
283 763 352 824 Cun
372 763 567 838 municipibus
580 761 780 821 Volaterranis
799 764 869 820 mihi
884 781 1003 822 summa
1018 767 1147 824 necessi·

192 865 264 923 tudo
288 874 349 936 est;
378 879 489 938 magno
514 862 593 919 enim
618 879 686 919 meo
710 861 855 920 beneficio
879 862 987 922 adlecti
1015 865 1149 922 cumula-

193 965 302 1025 tissime
317 961 389 1021 mihi
409 961 531 1036 gratiam
553 958 736 1031 rettulerunt;
759 978 827 1019 nam
849 980 904 1020 nec
925 963 957 1018 in
978 961 1149 1022 honoribus
1217 943 1219 1034 l

192 1066 265 1125 meis
278 1083 325 1122 nec
339 1063 369 1118 in
384 1059 532 1118 laboribus
546 1076 687 1133 umquam
697 1055 863 1117 'defuerunt
906 1057 984 1117 Cum
997 1062 1110 1136 quibus
1125 1063 1149 1118 si
1218 1041 1219 1044 Ἴ

192 1166 262 1226 mihi
283 1160 363 1220 nulla
384 1177 473 1216 causa
494 1157 691 1227 intercederet,
709 1167 817 1229 tamen,
835 1157 915 1233 quod
934 1167 963 1216 te
982 1159 1148 1218 vehemen-
1218 1129 1219 1196 l

191 1265 300 1324 tissime
323 1258 412 1333 diligo
436 1257 575 1333 quodque
600 1275 648 1314 me
673 1274 691 1314 a
714 1265 743 1314 te
767 1255 882 1332 plurimi
904 1255 967 1315 fieri
988 1259 1100 1323 sentio,
1120 1269 1149 1315 et
1217 1215 1219 1330 l

190 1377 340 1420 monerem
366 1367 394 1415 te
417 1366 446 1415 et
470 1356 607 1426 hortarer,
628 1364 660 1412 ut
684 1371 786 1414 eorum
811 1353 933 1412 fortunis
961 1355 1148 1424 consuleres

191 1457 360 1537 praesertIm
384 1472 452 1514 cum
476 1471 568 1530 prope
589 1453 777 1530 praecipuam
799 1469 918 1509 causam
938 1451 1087 1510 haberent
1109 1455 1152 1513 ad

190 1560 235 1615 ius
256 1552 465 1613 obtinendum:
488 1552 615 1628 primum
637 1550 718 1626 quod
739 1549 847 1607 Sullani
868 1551 1010 1624 temporis
1031 1552 1148 1610 acerbi-

189 1663 280 1714 tatem
308 1652 430 1711 deorum
458 1649 663 1709 immortalium
689 1648 867 1723 benignitate
892 1649 1147 1724 subterfugerunt,

191 1751 306 1822 deinde,
321 1751 401 1826 quod
419 1765 535 1808 summo
556 1747 651 1807 studio
668 1747 769 1823 populi
784 1746 912 1804 Romani
927 1764 945 1804 a
958 1766 1006 1805 me
1022 1748 1051 1804 in
1069 1767 1148 1807 con-

190 1851 284 1911 sulatu
311 1866 380 1907 meo
408 1846 519 1906 defensi
547 1855 623 1904 sunt.
667 1865 693 1903 a.
724 1843 800 1904 Cum
828 1846 898 1902 enim
926 1845 1034 1902 tribuni
1060 1847 1147 1921 plebi

189 1953 284 2027 legem
299 1946 510 2023 iniquissimam
524 1944 560 2002 de
572 1961 674 2002 eorum
685 1944 762 2019 agris
773 1942 1043 2020 promulgavissent,
1053 1943 1146 2003 facile

189 2048 303 2110 senatui
316 2045 485 2124 populoque
501 2042 638 2102 Romano
656 2043 795 2118 persuasi,
809 2052 842 2100 ut
860 2060 912 2100 eos
932 2043 1016 2113 cives,
1032 2044 1154 2118 quibus,

189 2150 305 2207 fortuna
324 2143 511 2221 pepercisset,
527 2141 622 2199 salvos
642 2159 707 2199 esse
726 2141 838 2200 vellent.
881 2139 969 2199 Hane
989 2141 1146 2200 actionem

189 2264 285 2305 meam
301 2242 335 2303 C.
351 2242 460 2301 Caesar
478 2240 573 2317 primo
593 2256 646 2297 suo
666 2239 818 2298 consulatu
838 2240 902 2315 lege
921 2240 1033 2314 agraria
1055 2257 1146 2299 com-

189 2343 322 2422 probavit
336 2358 496 2417 agrumque
511 2339 733 2398 Volaterranum
752 2348 781 2397 et
799 2338 940 2414 oppidum
960 2338 1042 2396 omni
1061 2341 1145 2414 peri-

189 2445 256 2502 culo
272 2444 302 2500 in
316 2449 489 2518 perpetuum
504 2439 639 2510 liberavit,
654 2448 685 2496 ut
704 2437 775 2495 mihi
795 2437 914 2495 dubium
934 2454 996 2496 non
1014 2437 1050 2494 sit
1064 2439 1145 2514 quin

189 2544 222 2613 ie,
237 2543 286 2617 qui
301 2557 393 2597 novas
408 2537 637 2597 necessitudines
651 2536 799 2610 adiungat,
813 2523 908 2593 uetera
922 2552 974 2592 sua
992 2536 1147 2596 beneficia

190 2637 354 2698 conservari
371 2637 445 2695 velit.
488 2635 587 2708 Quam
606 2637 645 2693 ob
663 2653 724 2694 rem
744 2643 789 2692 est
806 2642 871 2692 tuae
893 2632 1064 2708 prudentiae
1090 2648 1145 2694 aut

189 2737 272 2812 sequi
301 2737 361 2794 eius
390 2735 596 2804 auctoritatem,
623 2733 705 2791 cuius
731 2741 840 2790 sectam
868 2741 954 2807 atque
981 2732 1145 2807 imperium

190 2852 305 2893 summa
319 2852 386 2892 cum
401 2843 450 2892 tua
464 2834 603 2910 dignitate
619 2841 734 2890 secutus
745 2849 784 2901 es,
795 2840 844 2888 aut
856 2841 932 2888 certe
944 2830 981 2887 illi
991 2830 1145 2906 integram

188 2951 308 2992 omnem
323 2951 442 2991 causam
457 2951 600 2991 reservare
609 2951 617 3003 ;
640 2930 708 2988 illud
723 2948 792 2988 vero
806 2930 936 2987 dubitare
956 2947 1016 2986 non
1036 2930 1146 3001 debes

189 3033 259 3108 quin
280 3042 339 3090 tam
361 3049 456 3107 grave,
475 3041 534 3089 tam
552 3030 676 3100 firmum,
691 3038 751 3086 tam
770 3027 926 3086 honestum
944 3026 1147 3104 municipIum

188 3131 239 3189 tibi
265 3140 317 3188 tuo
345 3147 461 3188 summo
489 3129 632 3188 beneficio
661 3127 691 3184 in
718 3136 891 3203 perpetuum
913 3125 1035 3200 obligari
1057 3127 1146 3186 velis.

191 3250 216 3303 3.
240 3228 299 3288 Sed
320 3228 401 3297 haec,
417 3246 491 3304 quae
513 3247 601 3304 supra
622 3227 728 3302 scripta
747 3233 822 3293 sunt,
843 3242 879 3282 eo
901 3234 1041 3299 spectant,
1056 3235 1091 3282 ut
1116 3238 1148 3286 te
1214 3289 1215 3292 ,

187 3328 285 3386 horter
299 3337 327 3384 et
342 3327 497 3384 suadeam:
517 3327 627 3401 reliqua
642 3334 717 3390 sunt,
730 3343 804 3400 quae
819 3323 962 3398 pertinent
976 3323 1014 3380 ad
1028 3341 1148 3399 rogan·

189 3424 269 3494 dum,
289 3433 319 3480 ut
342 3438 403 3479 non
426 3422 521 3482 solum
546 3433 595 3478 tua
620 3439 707 3480 causa
731 3422 782 3480 tibi
811 3421 962 3480 consilium
990 3439 1039 3479 me
1069 3424 1149 3484 dare
