2432 3844
501 257 539 304 n.
566 255 685 305 rurrrr
707 255 894 304 areanorum
1044 243 1112 326 [aas
1127 255 1157 302 rr.

426 560 473 614 22.
515 555 572 613 ΑΙ)
594 555 845 614 FAMILIARES
868 557 891 614 Ι.
915 575 941 614 a.

247 671 311 732 Scn.
334 671 442 732 Roman
463 693 489 730 n.
503 691 530 731 n.
553 691 611 730 xvr.
636 671 713 730 Kar..
740 671 925 731 Funnunnrns
945 690 1029 732 nuc.
1054 673 1121 746 698.

398 797 429 837 rr.
451 797 552 839 crcrno
574 797 596 837 s.
611 798 638 838 n.
652 797 677 837 r.
700 796 836 837 nnnruno
856 796 969 838 rnocos.

259 915 282 952 r.
312 895 410 953 lunius
438 895 579 953 Ianuariis
607 895 637 951 in
666 903 767 952 senatu
800 894 870 952 nibil
903 903 947 952 est
977 894 1154 962 confectum,

213 1004 366 1070 propterea
392 992 471 1070 quod
496 994 557 1052 dies
584 1011 694 1069 magna
721 1012 758 1051 ex
784 1003 865 1068 parte
893 1003 1088 1069 consumptus
1114 1001 1155 1050 est

213 1094 397 1151 altercatione
423 1093 537 1151 Lentuli
560 1092 688 1151 consulis
717 1101 745 1150 et
767 1091 882 1150 Caninii
902 1093 1008 1151 tribuni
1028 1092 1069 1169 pl.
1112 1091 1154 1148 Eo

213 1192 274 1249 die·
289 1208 344 1248 nos
367 1208 485 1266 quoque
513 1183 603 1248 niulta
622 1179 718 1249 ’verba
745 1190 866 1250 fecimus
895 1191 1082 1267 maximeque
1106 1191 1154 1248 visi

214 1307 313 1347 sumus
342 1298 474 1347 senatum
503 1291 781 1348 commemoratione
809 1299 875 1348 tuae
903 1289 1058 1360 voluntatis
1088 1307 1153 1364 erga

213 1388 292 1444 illum
320 1387 452 1445 ordinem
480 1405 656 1462 permovere.
699 1388 802 1464 Itaque
827 1388 964 1464 postridie
985 1389 1104 1464 placuit,
1125 1398 1153 1444 ut

212 1485 335 1543 breviter
349 1485 505 1544 sententias
520 1487 698 1559 diceremus;
717 1487 865 1544 videbatur
879 1487 957 1545 enim
971 1487 1152 1546 reconciliata

212 1586 298 1642 nobis
326 1585 458 1644 voluntas
486 1603 550 1643 esse
578 1594 702 1655 senatus,
732 1586 811 1662 quod
839 1604 906 1644 cum
934 1585 1069 1658 dicend0,
1094 1595 1152 1644 tum

213 1683 333 1758 singulis
361 1683 540 1759 appellandis
567 1683 762 1760 rogandisque
789 1701 1003 1761 perspexeram.
1051 1684 1150 1760 Itaque

213 1799 281 1840 cum
309 1782 451 1840 sententia
478 1783 571 1858 prima
598 1781 693 1840 Bibuli
721 1783 907 1858 pronuntiata
931 1792 1016 1853 esset,
1039 1792 1072 1841 ut
1099 1792 1151 1840 tres

213 1880 300 1955 legati
323 1898 421 1956 regem
446 1881 624 1952 reducerent,
649 1880 777 1939 secunda
799 1880 958 1954 Hortensii,
986 1889 1018 1939 ut
1038 1891 1070 1939 tu
1092 1882 1148 1939 sine

213 1980 339 2038 exercitu
352 1978 513 2050 reduceres,
528 1979 610 2036 tertia
623 1978 757 2051 Volcatii,
772 1987 804 2037 ut
818 1979 975 2056 Pompeius
995 1979 1148 2048 reduceret,

212 2078 388 2154 postulatum
403 2087 454 2150 est,
468 2087 500 2135 ut
514 2077 609 2135 Bibuli
624 2080 766 2136 sententia
781 2078 962 2137 divideretur.
1001 2077 1148 2149 Quatenus

213 2179 249 2236 de
277 2177 416 2253 religione
444 2176 565 2247 dicebat,
595 2177 640 2234 cui
668 2176 786 2252 quidem
814 2177 855 2235 rei
884 2177 942 2234 iam
967 2176 1068 2236 obsisti
1093 2196 1147 2236 non

212 2286 333 2354 poterat,
348 2274 452 2334 Bibulo
467 2274 623 2333 adsensum
638 2284 698 2346 est;
720 2275 756 2332 de
771 2275 861 2334 tribus
872 2274 973 2351 legatis
987 2275 1145 2352 frequentes

211 2377 303 2432 ierunt
317 2375 347 2432 in
362 2375 416 2432 alia
430 2374 538 2432 omnia.
570 2393 596 2430 2.
617 2372 753 2431 Proxima
768 2382 826 2431 erat
838 2372 989 2432 Hortensii
1004 2375 1146 2442 sententia,

212 2492 279 2532 cum
294 2472 404 2548 Lupus,
418 2473 549 2530 tribunus
564 2470 612 2546 pl.,
627 2471 707 2545 quod
722 2471 784 2546 ipse
800 2471 836 2529 de
851 2471 993 2547 Pompeio
1004 2474 1145 2542 retulisset,

211 2571 360 2629 intendere
388 2570 491 2646 coepit,
515 2579 582 2628 ante
605 2567 637 2626 se
661 2578 795 2645 oportere
823 2569 1031 2628 discessionem
1059 2572 1144 2630 facere

211 2687 300 2744 quam
328 2668 469 2726 consules.
510 2667 581 2726 Eius
606 2668 729 2726 orationi
750 2666 934 2726 vehementer
954 2669 991 2725 ab
1016 2671 1144 2729 omnibus

210 2767 397 2825 reclamatum
416 2775 459 2823 est
469 2785 476 2837 ;
499 2766 654 2825 eratenim
674 2775 708 2846 et*
718 2767 816 2842 iniqua
835 2776 864 2824 et
883 2784 966 2826 nova.
1009 2766 1145 2852 Consules

211 2884 306 2942 neque
326 2865 527 2923 concedebant
545 2882 640 2940 neque
658 2864 740 2922 valde
760 2867 971 2940 repugnabant,
987 2866 1064 2924 diem
1078 2886 1142 2927 con·

211 2966 286 3024 sumi
307 2963 440 3022 volebant
451 2983 458 3035 ;
480 2963 510 3020 id
528 2963 609 3038 quod
632 2973 675 3022 est
697 2963 822 3022 factum:
842 2964 1053 3039 perspiciebant
1070 2967 1142 3024 enim
1203 2975 1204 3044 ᾖ

210 3064 240 3120 in
269 3061 420 3120 Hortensii
447 3063 618 3120 sententiam
646 3061 743 3120 multis
770 3062 899 3138 partibus
926 3062 1022 3138 plures
1050 3064 1141 3137 ituros,

210 3178 387 3237 quamquam
415 3169 512 3237 aperte
532 3158 667 3218 Volcatio
696 3159 914 3219 adsentirentur.
957 3161 1042 3220 Multi
1061 3181 1140 3240 roga-

209 3263 322 3332 bantur,
341 3269 427 3336 atque
448 3259 477 3316 id
498 3259 594 3336 ipsum
612 3261 779 3318 consulibus
795 3259 906 3332 invitis;
928 3278 997 3318 nam
1013 3260 1033 3318 ii
1054 3259 1142 3320 Bibuli
1203 3257 1204 3266 ³

210 3359 382 3418 sententiam
395 3358 488 3415 valere
503 3359 663 3433 cupierunt.
706 3377 733 3432 3.
756 3355 822 3416 Hac
845 3358 1037 3417 controversia
1056 3378 1140 3436 usque
1203 3423 1204 3432 χ

210 3459 247 3516 ad
266 3467 382 3516 noctem
401 3456 487 3514 ducta
505 3464 621 3515 senatus
641 3454 776 3514 dimissus
795 3465 845 3514 est.
888 3455 954 3533 Ego
968 3474 1006 3515 eo
1020 3457 1066 3518 die
1079 3477 1141 3519 casu
1203 3501 1204 3506 η
