<?xml version="1.0" encoding="UTF-8"?>
<!DOCTYPE html PUBLIC "-//W3C//DTD XHTML 1.0 Transitional//EN"
    "http://www.w3.org/TR/xhtml1/DTD/xhtml1-transitional.dtd">
<html xmlns="http://www.w3.org/1999/xhtml" xml:lang="en" lang="en">
 <head>
  <title>
</title>
<meta http-equiv="Content-Type" content="text/html;charset=utf-8" />
  <meta name='ocr-system' content='tesseract 3.04.00' />
  <meta name='ocr-capabilities' content='ocr_page ocr_carea ocr_par ocr_line ocrx_word'/>
</head>
<body>
  <div class='ocr_page' id='page_1' title='image "./epistolaeselect00watsgoog/epistolaeselect00watsgoog_0121.png"; bbox 0 0 2454 3842; ppageno 0'>
   <div class='ocr_carea' id='block_1_1' title="bbox 240 215 1161 299">
    <p class='ocr_par' dir='ltr' id='par_1_1' title="bbox 240 215 1161 299">
     <span class='ocr_line' id='line_1_1' title="bbox 240 215 1161 299; baseline 0.001 -24"><span class='ocrx_word' id='word_1_1' title='bbox 240 229 299 276; x_wconf 89' lang='lat'>100</span> <span class='ocrx_word' id='word_1_2' title='bbox 512 223 551 275; x_wconf 81' lang='lat' dir='ltr'>n.</span> <span class='ocrx_word' id='word_1_3' title='bbox 578 220 698 273; x_wconf 78' lang='lat' dir='ltr'>rurnrr</span> <span class='ocrx_word' id='word_1_4' title='bbox 718 224 907 274; x_wconf 82' lang='lat' dir='ltr'>orenncurs</span> <span class='ocrx_word' id='word_1_5' title='bbox 1058 215 1161 299; x_wconf 65' lang='lat' dir='ltr'>[naeu</span> 
     </span>
    </p>
   </div>
   <div class='ocr_carea' id='block_1_2' title="bbox 183 373 1167 2223">
    <p class='ocr_par' dir='ltr' id='par_1_2' title="bbox 183 373 1167 2223">
     <span class='ocr_line' id='line_1_2' title="bbox 235 373 1161 455; baseline 0.005 -21"><span class='ocrx_word' id='word_1_6' title='bbox 235 373 329 452; x_wconf 88' lang='lat' dir='ltr'>‘quid,</span> <span class='ocrx_word' id='word_1_7' title='bbox 363 374 386 434; x_wconf 93' lang='lat' dir='ltr'>si</span> <span class='ocrx_word' id='word_1_8' title='bbox 417 375 491 434; x_wconf 91' lang='lat' dir='ltr'>filius</span> <span class='ocrx_word' id='word_1_9' title='bbox 520 393 603 435; x_wconf 88' lang='lat' dir='ltr'>meus</span> <span class='ocrx_word' id='word_1_10' title='bbox 636 376 739 436; x_wconf 85' lang='lat' dir='ltr'>fustem</span> <span class='ocrx_word' id='word_1_11' title='bbox 772 377 842 435; x_wconf 89' lang='lat' dir='ltr'>mihi</span> <span class='ocrx_word' id='word_1_12' title='bbox 872 376 1034 455; x_wconf 83' lang='lat' dir='ltr'>impingere</span> <span class='ocrx_word' id='word_1_13' title='bbox 1065 380 1161 439; x_wconf 80' lang='lat' dir='ltr'>voletl’</span> 
     </span>
     <span class='ocr_line' id='line_1_3' title="bbox 234 471 1163 554; baseline 0.005 -23"><span class='ocrx_word' id='word_1_14' title='bbox 234 471 290 532; x_wconf 90' lang='lat' dir='ltr'>His</span> <span class='ocrx_word' id='word_1_15' title='bbox 320 472 447 546; x_wconf 90' lang='lat' dir='ltr'>vocibus,</span> <span class='ocrx_word' id='word_1_16' title='bbox 476 483 508 532; x_wconf 92' lang='lat' dir='ltr'>ut</span> <span class='ocrx_word' id='word_1_17' title='bbox 540 476 733 533; x_wconf 82' lang='lat' dir='ltr'><strong>existimarent</strong></span> <span class='ocrx_word' id='word_1_18' title='bbox 764 475 898 534; x_wconf 89' lang='lat' dir='ltr'>homines</span> <span class='ocrx_word' id='word_1_19' title='bbox 929 477 1073 554; x_wconf 90' lang='lat' dir='ltr'>Pompeio</span> <span class='ocrx_word' id='word_1_20' title='bbox 1103 497 1163 536; x_wconf 88' lang='lat' dir='ltr'>eum</span> 
     </span>
     <span class='ocr_line' id='line_1_4' title="bbox 234 573 1164 651; baseline 0.003 -19"><span class='ocrx_word' id='word_1_21' title='bbox 234 573 357 632; x_wconf 82' lang='lat' dir='ltr'>Caesare</span> <span class='ocrx_word' id='word_1_22' title='bbox 385 590 449 631; x_wconf 91' lang='lat' dir='ltr'>esse</span> <span class='ocrx_word' id='word_1_23' title='bbox 476 574 634 648; x_wconf 88' lang='lat' dir='ltr'>negotium,</span> <span class='ocrx_word' id='word_1_24' title='bbox 658 574 769 647; x_wconf 73' lang='lat' dir='ltr'>effecit,</span> <span class='ocrx_word' id='word_1_25' title='bbox 802 575 897 651; x_wconf 89' lang='lat' dir='ltr'>itaque</span> <span class='ocrx_word' id='word_1_26' title='bbox 924 575 990 647; x_wconf 90' lang='lat' dir='ltr'>iam,</span> <span class='ocrx_word' id='word_1_27' title='bbox 1020 585 1052 634; x_wconf 89' lang='lat' dir='ltr'>ut</span> <span class='ocrx_word' id='word_1_28' title='bbox 1079 577 1164 645; x_wconf 83' lang='lat' dir='ltr'>viden,</span> 
     </span>
     <span class='ocr_line' id='line_1_5' title="bbox 232 667 1163 744; baseline 0.004 -16"><span class='ocrx_word' id='word_1_29' title='bbox 232 667 349 728; x_wconf 89' lang='lat' dir='ltr'>alteram</span> <span class='ocrx_word' id='word_1_30' title='bbox 373 679 466 729; x_wconf 89' lang='lat' dir='ltr'>utram</span> <span class='ocrx_word' id='word_1_31' title='bbox 490 670 527 730; x_wconf 90' lang='lat' dir='ltr'>ad</span> <span class='ocrx_word' id='word_1_32' title='bbox 552 671 755 730; x_wconf 89' lang='lat' dir='ltr'>condicionem</span> <span class='ocrx_word' id='word_1_33' title='bbox 777 671 953 732; x_wconf 76' lang='lat' dir='ltr'>descendere</span> <span class='ocrx_word' id='word_1_34' title='bbox 972 675 1034 732; x_wconf 88' lang='lat' dir='ltr'>volt</span> <span class='ocrx_word' id='word_1_35' title='bbox 1056 673 1163 744; x_wconf 83' lang='lat' dir='ltr'>Caesar,</span> 
     </span>
     <span class='ocr_line' id='line_1_6' title="bbox 183 769 1165 845; baseline 0.004 -18"><span class='ocrx_word' id='word_1_36' title='bbox 183 809 185 814; x_wconf 89' lang='lat'>-</span> <span class='ocrx_word' id='word_1_37' title='bbox 231 778 263 828; x_wconf 90' lang='lat' dir='ltr'>ut</span> <span class='ocrx_word' id='word_1_38' title='bbox 290 778 339 828; x_wconf 89' lang='lat' dir='ltr'>aut</span> <span class='ocrx_word' id='word_1_39' title='bbox 366 777 482 828; x_wconf 88' lang='lat' dir='ltr'>maneat</span> <span class='ocrx_word' id='word_1_40' title='bbox 514 787 609 845; x_wconf 90' lang='lat' dir='ltr'>neque</span> <span class='ocrx_word' id='word_1_41' title='bbox 633 769 696 829; x_wconf 60' lang='lat' dir='ltr'>,hoc</span> <span class='ocrx_word' id='word_1_42' title='bbox 726 789 803 829; x_wconf 91' lang='lat' dir='ltr'>anno</span> <span class='ocrx_word' id='word_1_43' title='bbox 836 789 888 829; x_wconf 90' lang='lat' dir='ltr'>sua</span> <span class='ocrx_word' id='word_1_44' title='bbox 919 772 991 830; x_wconf 90' lang='lat' dir='ltr'>ratio</span> <span class='ocrx_word' id='word_1_45' title='bbox 1023 773 1165 842; x_wconf 78' lang='lat' dir='ltr'>habeatur,</span> 
     </span>
     <span class='ocr_line' id='line_1_7' title="bbox 231 867 1166 944; baseline 0.002 -16"><span class='ocrx_word' id='word_1_46' title='bbox 231 879 287 940; x_wconf 90' lang='lat' dir='ltr'>aut,</span> <span class='ocrx_word' id='word_1_47' title='bbox 309 867 333 927; x_wconf 93' lang='lat' dir='ltr'>si</span> <span class='ocrx_word' id='word_1_48' title='bbox 354 867 499 944; x_wconf 90' lang='lat' dir='ltr'>designari</span> <span class='ocrx_word' id='word_1_49' title='bbox 523 870 635 944; x_wconf 89' lang='lat' dir='ltr'>poterit,</span> <span class='ocrx_word' id='word_1_50' title='bbox 658 869 787 928; x_wconf 83' lang='lat' dir='ltr'>decedat.</span> <span class='ocrx_word' id='word_1_51' title='bbox 831 889 876 928; x_wconf 94' lang='lat'>10.</span> <span class='ocrx_word' id='word_1_52' title='bbox 899 869 988 929; x_wconf 91' lang='lat' dir='ltr'>Curio</span> <span class='ocrx_word' id='word_1_53' title='bbox 1017 889 1050 930; x_wconf 90' lang='lat' dir='ltr'>se</span> <span class='ocrx_word' id='word_1_54' title='bbox 1072 882 1166 931; x_wconf 87' lang='lat' dir='ltr'>contra</span> 
     </span>
     <span class='ocr_line' id='line_1_8' title="bbox 230 967 1167 1050; baseline 0.005 -27"><span class='ocrx_word' id='word_1_55' title='bbox 230 984 298 1024; x_wconf 88' lang='lat' dir='ltr'>eum</span> <span class='ocrx_word' id='word_1_56' title='bbox 325 976 418 1026; x_wconf 89' lang='lat' dir='ltr'>totum</span> <span class='ocrx_word' id='word_1_57' title='bbox 445 976 545 1050; x_wconf 75' lang='lat' dir='ltr'>parat;</span> <span class='ocrx_word' id='word_1_58' title='bbox 580 967 649 1044; x_wconf 90' lang='lat' dir='ltr'>quid</span> <span class='ocrx_word' id='word_1_59' title='bbox 676 967 795 1043; x_wconf 85' lang='lat' dir='ltr'>adsequi</span> <span class='ocrx_word' id='word_1_60' title='bbox 822 969 922 1044; x_wconf 88' lang='lat' dir='ltr'>possit,</span> <span class='ocrx_word' id='word_1_61' title='bbox 949 970 1070 1028; x_wconf 86' lang='lat' dir='ltr'>neseio:</span> <span class='ocrx_word' id='word_1_62' title='bbox 1103 969 1167 1028; x_wconf 90' lang='lat' dir='ltr'>illud</span> 
     </span>
     <span class='ocr_line' id='line_1_9' title="bbox 229 1063 1166 1139; baseline 0.002 -16"><span class='ocrx_word' id='word_1_63' title='bbox 229 1063 321 1136; x_wconf 91' lang='lat' dir='ltr'>video,</span> <span class='ocrx_word' id='word_1_64' title='bbox 346 1063 421 1124; x_wconf 90' lang='lat' dir='ltr'>bene</span> <span class='ocrx_word' id='word_1_65' title='bbox 449 1066 627 1137; x_wconf 88' lang='lat' dir='ltr'>sentientem,</span> <span class='ocrx_word' id='word_1_66' title='bbox 653 1067 705 1126; x_wconf 89' lang='lat' dir='ltr'>etsi</span> <span class='ocrx_word' id='word_1_67' title='bbox 733 1065 803 1125; x_wconf 89' lang='lat' dir='ltr'>nihil</span> <span class='ocrx_word' id='word_1_68' title='bbox 828 1066 961 1139; x_wconf 87' lang='lat' dir='ltr'>effecerit,</span> <span class='ocrx_word' id='word_1_69' title='bbox 981 1069 1089 1127; x_wconf 86' lang='lat' dir='ltr'>eadere</span> <span class='ocrx_word' id='word_1_70' title='bbox 1111 1087 1166 1128; x_wconf 89' lang='lat' dir='ltr'>non</span> 
     </span>
     <span class='ocr_line' id='line_1_10' title="bbox 228 1163 1165 1240; baseline 0.004 -19"><span class='ocrx_word' id='word_1_71' title='bbox 228 1179 323 1240; x_wconf 90' lang='lat' dir='ltr'>posse.</span> <span class='ocrx_word' id='word_1_72' title='bbox 366 1163 417 1222; x_wconf 91' lang='lat' dir='ltr'>Me</span> <span class='ocrx_word' id='word_1_73' title='bbox 438 1174 539 1224; x_wconf 86' lang='lat' dir='ltr'>tractat</span> <span class='ocrx_word' id='word_1_74' title='bbox 559 1164 711 1224; x_wconf 85' lang='lat' dir='ltr'>liberaliter</span> <span class='ocrx_word' id='word_1_75' title='bbox 730 1164 819 1224; x_wconf 90' lang='lat' dir='ltr'>Curio</span> <span class='ocrx_word' id='word_1_76' title='bbox 840 1175 869 1224; x_wconf 91' lang='lat' dir='ltr'>et</span> <span class='ocrx_word' id='word_1_77' title='bbox 888 1165 958 1223; x_wconf 90' lang='lat' dir='ltr'>mihi</span> <span class='ocrx_word' id='word_1_78' title='bbox 976 1184 1030 1224; x_wconf 90' lang='lat' dir='ltr'>suc</span> <span class='ocrx_word' id='word_1_79' title='bbox 1051 1185 1165 1226; x_wconf 85' lang='lat' dir='ltr'>murrere</span> 
     </span>
     <span class='ocr_line' id='line_1_11' title="bbox 228 1261 1164 1339; baseline 0.007 -22"><span class='ocrx_word' id='word_1_80' title='bbox 228 1261 378 1336; x_wconf 85' lang='lat' dir='ltr'>negotium</span> <span class='ocrx_word' id='word_1_81' title='bbox 404 1263 561 1339; x_wconf 90' lang='lat' dir='ltr'>imposuit;</span> <span class='ocrx_word' id='word_1_82' title='bbox 595 1279 664 1322; x_wconf 92' lang='lat' dir='ltr'>nam</span> <span class='ocrx_word' id='word_1_83' title='bbox 693 1262 716 1322; x_wconf 90' lang='lat' dir='ltr'>si</span> <span class='ocrx_word' id='word_1_84' title='bbox 744 1263 815 1320; x_wconf 88' lang='lat' dir='ltr'>mihi</span> <span class='ocrx_word' id='word_1_85' title='bbox 842 1281 903 1322; x_wconf 89' lang='lat' dir='ltr'>non</span> <span class='ocrx_word' id='word_1_86' title='bbox 930 1264 1059 1324; x_wconf 87' lang='lat' dir='ltr'>dedisset</span> <span class='ocrx_word' id='word_1_87' title='bbox 1086 1265 1164 1334; x_wconf 86' lang='lat' dir='ltr'>ieras,</span> 
     </span>
     <span class='ocr_line' id='line_1_12' title="bbox 228 1357 1166 1439; baseline 0.005 -24"><span class='ocrx_word' id='word_1_88' title='bbox 228 1375 303 1434; x_wconf 90' lang='lat' dir='ltr'>quae</span> <span class='ocrx_word' id='word_1_89' title='bbox 338 1357 375 1416; x_wconf 90' lang='lat' dir='ltr'>ad</span> <span class='ocrx_word' id='word_1_90' title='bbox 408 1359 493 1419; x_wconf 91' lang='lat' dir='ltr'>ludos</span> <span class='ocrx_word' id='word_1_91' title='bbox 527 1362 554 1420; x_wconf 89' lang='lat' dir='ltr'>ei</span> <span class='ocrx_word' id='word_1_92' title='bbox 592 1361 728 1420; x_wconf 87' lang='lat' dir='ltr'>advectae</span> <span class='ocrx_word' id='word_1_93' title='bbox 763 1371 845 1420; x_wconf 89' lang='lat' dir='ltr'>erant</span> <span class='ocrx_word' id='word_1_94' title='bbox 878 1361 1041 1433; x_wconf 82' lang='lat' dir='ltr'>Africanae,</span> <span class='ocrx_word' id='word_1_95' title='bbox 1077 1363 1166 1439; x_wconf 89' lang='lat' dir='ltr'>potuit</span> 
     </span>
     <span class='ocr_line' id='line_1_13' title="bbox 228 1456 1165 1536; baseline 0.006 -24"><span class='ocrx_word' id='word_1_96' title='bbox 228 1456 413 1532; x_wconf 88' lang='lat' dir='ltr'>supersederi.</span> <span class='ocrx_word' id='word_1_97' title='bbox 448 1457 546 1531; x_wconf 88' lang='lat' dir='ltr'>Nunc,</span> <span class='ocrx_word' id='word_1_98' title='bbox 561 1459 699 1536; x_wconf 89' lang='lat' dir='ltr'>quoniam</span> <span class='ocrx_word' id='word_1_99' title='bbox 721 1460 789 1518; x_wconf 89' lang='lat' dir='ltr'>dare</span> <span class='ocrx_word' id='word_1_100' title='bbox 811 1476 929 1518; x_wconf 86' lang='lat' dir='ltr'>necesse</span> <span class='ocrx_word' id='word_1_101' title='bbox 949 1470 1001 1531; x_wconf 89' lang='lat' dir='ltr'>est,</span> <span class='ocrx_word' id='word_1_102' title='bbox 1015 1461 1104 1519; x_wconf 85' lang='lat' dir='ltr'>velim</span> <span class='ocrx_word' id='word_1_103' title='bbox 1120 1462 1165 1520; x_wconf 89' lang='lat' dir='ltr'>tibi</span> 
     </span>
     <span class='ocr_line' id='line_1_14' title="bbox 228 1553 1164 1634; baseline 0.007 -23"><span class='ocrx_word' id='word_1_104' title='bbox 228 1571 312 1612; x_wconf 91' lang='lat' dir='ltr'>curae</span> <span class='ocrx_word' id='word_1_105' title='bbox 340 1553 383 1626; x_wconf 89' lang='lat' dir='ltr'>sit,</span> <span class='ocrx_word' id='word_1_106' title='bbox 411 1556 490 1632; x_wconf 91' lang='lat' dir='ltr'>quod</span> <span class='ocrx_word' id='word_1_107' title='bbox 521 1575 539 1615; x_wconf 88' lang='lat' dir='ltr'>a</span> <span class='ocrx_word' id='word_1_108' title='bbox 571 1567 600 1616; x_wconf 86' lang='lat' dir='ltr'>te</span> <span class='ocrx_word' id='word_1_109' title='bbox 633 1573 747 1634; x_wconf 88' lang='lat' dir='ltr'>semper</span> <span class='ocrx_word' id='word_1_110' title='bbox 774 1557 851 1632; x_wconf 91' lang='lat' dir='ltr'>petii,</span> <span class='ocrx_word' id='word_1_111' title='bbox 879 1566 911 1615; x_wconf 92' lang='lat' dir='ltr'>ut</span> <span class='ocrx_word' id='word_1_112' title='bbox 942 1557 1050 1634; x_wconf 90' lang='lat' dir='ltr'>aliquid</span> <span class='ocrx_word' id='word_1_113' title='bbox 1086 1561 1164 1618; x_wconf 85' lang='lat' dir='ltr'>istinc</span> 
     </span>
     <span class='ocr_line' id='line_1_15' title="bbox 226 1652 1164 1732; baseline 0.003 -20"><span class='ocrx_word' id='word_1_114' title='bbox 226 1653 381 1712; x_wconf 90' lang='lat' dir='ltr'>bestiarum</span> <span class='ocrx_word' id='word_1_115' title='bbox 398 1652 565 1728; x_wconf 86' lang='lat' dir='ltr'>habeamus,</span> <span class='ocrx_word' id='word_1_116' title='bbox 582 1655 790 1732; x_wconf 88' lang='lat' dir='ltr'>Sittianamque</span> <span class='ocrx_word' id='word_1_117' title='bbox 808 1654 1002 1732; x_wconf 83' lang='lat' dir='ltr'>syngrapham</span> <span class='ocrx_word' id='word_1_118' title='bbox 1022 1657 1075 1716; x_wconf 92' lang='lat' dir='ltr'>tibi</span> <span class='ocrx_word' id='word_1_119' title='bbox 1090 1676 1164 1718; x_wconf 88' lang='lat' dir='ltr'>eom-</span> 
     </span>
     <span class='ocr_line' id='line_1_16' title="bbox 225 1749 1164 1832; baseline 0.006 -23"><span class='ocrx_word' id='word_1_120' title='bbox 225 1749 342 1810; x_wconf 90' lang='lat' dir='ltr'>mend0.</span> <span class='ocrx_word' id='word_1_121' title='bbox 393 1751 541 1811; x_wconf 91' lang='lat' dir='ltr'>Libertum</span> <span class='ocrx_word' id='word_1_122' title='bbox 568 1752 721 1812; x_wconf 88' lang='lat' dir='ltr'>Philonem</span> <span class='ocrx_word' id='word_1_123' title='bbox 750 1753 824 1813; x_wconf 85' lang='lat' dir='ltr'>istoc</span> <span class='ocrx_word' id='word_1_124' title='bbox 851 1755 917 1814; x_wconf 87' lang='lat' dir='ltr'>misi</span> <span class='ocrx_word' id='word_1_125' title='bbox 944 1764 973 1812; x_wconf 92' lang='lat' dir='ltr'>et</span> <span class='ocrx_word' id='word_1_126' title='bbox 1000 1754 1164 1832; x_wconf 86' lang='lat' dir='ltr'>Diogenem</span> 
     </span>
     <span class='ocr_line' id='line_1_17' title="bbox 226 1849 1164 1927; baseline 0.002 -18"><span class='ocrx_word' id='word_1_127' title='bbox 226 1849 379 1922; x_wconf 91' lang='lat' dir='ltr'>Graecum,</span> <span class='ocrx_word' id='word_1_128' title='bbox 407 1851 512 1927; x_wconf 91' lang='lat' dir='ltr'>quibus</span> <span class='ocrx_word' id='word_1_129' title='bbox 539 1851 675 1910; x_wconf 88' lang='lat' dir='ltr'>mandata</span> <span class='ocrx_word' id='word_1_130' title='bbox 702 1860 731 1910; x_wconf 96' lang='lat' dir='ltr'>et</span> <span class='ocrx_word' id='word_1_131' title='bbox 757 1853 864 1912; x_wconf 87' lang='lat' dir='ltr'>litteras</span> <span class='ocrx_word' id='word_1_132' title='bbox 887 1854 925 1912; x_wconf 86' lang='lat' dir='ltr'>ad</span> <span class='ocrx_word' id='word_1_133' title='bbox 948 1863 977 1912; x_wconf 90' lang='lat' dir='ltr'>te</span> <span class='ocrx_word' id='word_1_134' title='bbox 1002 1855 1088 1914; x_wconf 90' lang='lat' dir='ltr'>dedi:</span> <span class='ocrx_word' id='word_1_135' title='bbox 1116 1873 1164 1914; x_wconf 90' lang='lat' dir='ltr'>eos</span> 
     </span>
     <span class='ocr_line' id='line_1_18' title="bbox 224 1949 1163 2026; baseline 0.003 -18"><span class='ocrx_word' id='word_1_136' title='bbox 224 1949 276 2008; x_wconf 90' lang='lat' dir='ltr'>tibi</span> <span class='ocrx_word' id='word_1_137' title='bbox 304 1957 332 2007; x_wconf 91' lang='lat' dir='ltr'>et</span> <span class='ocrx_word' id='word_1_138' title='bbox 359 1967 429 2020; x_wconf 90' lang='lat' dir='ltr'>rem,</span> <span class='ocrx_word' id='word_1_139' title='bbox 457 1949 494 2008; x_wconf 92' lang='lat' dir='ltr'>de</span> <span class='ocrx_word' id='word_1_140' title='bbox 522 1968 580 2026; x_wconf 90' lang='lat' dir='ltr'>qua</span> <span class='ocrx_word' id='word_1_141' title='bbox 607 1950 680 2022; x_wconf 89' lang='lat' dir='ltr'>misi,</span> <span class='ocrx_word' id='word_1_142' title='bbox 702 1949 787 2010; x_wconf 90' lang='lat' dir='ltr'>velim</span> <span class='ocrx_word' id='word_1_143' title='bbox 815 1969 901 2010; x_wconf 90' lang='lat' dir='ltr'>curae</span> <span class='ocrx_word' id='word_1_144' title='bbox 927 1951 1053 2025; x_wconf 88' lang='lat' dir='ltr'>habeas;</span> <span class='ocrx_word' id='word_1_145' title='bbox 1089 1971 1163 2022; x_wconf 91' lang='lat' dir='ltr'>nam,</span> 
     </span>
     <span class='ocr_line' id='line_1_19' title="bbox 226 2044 1164 2126; baseline 0.001 -20"><span class='ocrx_word' id='word_1_146' title='bbox 226 2065 313 2126; x_wconf 91' lang='lat' dir='ltr'>quam</span> <span class='ocrx_word' id='word_1_147' title='bbox 334 2044 518 2106; x_wconf 89' lang='lat' dir='ltr'>vehementer</span> <span class='ocrx_word' id='word_1_148' title='bbox 538 2048 575 2106; x_wconf 86' lang='lat' dir='ltr'>ad</span> <span class='ocrx_word' id='word_1_149' title='bbox 597 2067 645 2107; x_wconf 88' lang='lat' dir='ltr'>me</span> <span class='ocrx_word' id='word_1_150' title='bbox 668 2049 816 2126; x_wconf 87' lang='lat' dir='ltr'>pertineat,</span> <span class='ocrx_word' id='word_1_151' title='bbox 840 2049 870 2106; x_wconf 87' lang='lat' dir='ltr'>in</span> <span class='ocrx_word' id='word_1_152' title='bbox 892 2049 937 2121; x_wconf 85' lang='lat' dir='ltr'>iis,</span> <span class='ocrx_word' id='word_1_153' title='bbox 958 2068 1031 2126; x_wconf 89' lang='lat' dir='ltr'>quas</span> <span class='ocrx_word' id='word_1_154' title='bbox 1053 2051 1106 2109; x_wconf 87' lang='lat' dir='ltr'>tibi</span> <span class='ocrx_word' id='word_1_155' title='bbox 1129 2049 1164 2108; x_wconf 90' lang='lat' dir='ltr'>illi</span> 
     </span>
     <span class='ocr_line' id='line_1_20' title="bbox 225 2145 626 2223; baseline 0 -19"><span class='ocrx_word' id='word_1_156' title='bbox 225 2146 354 2218; x_wconf 88' lang='lat' dir='ltr'>reddent,</span> <span class='ocrx_word' id='word_1_157' title='bbox 368 2145 465 2204; x_wconf 87' lang='lat' dir='ltr'>litteris</span> <span class='ocrx_word' id='word_1_158' title='bbox 481 2146 626 2223; x_wconf 87' lang='lat' dir='ltr'>descripsi.</span> 
     </span>
    </p>
   </div>
   <div class='ocr_carea' id='block_1_3' title="bbox 348 2318 1039 2381">
    <p class='ocr_par' dir='ltr' id='par_1_3' title="bbox 348 2318 1039 2381">
     <span class='ocr_line' id='line_1_21' title="bbox 348 2318 1039 2381; baseline 0.001 -2"><span class='ocrx_word' id='word_1_159' title='bbox 348 2325 395 2379; x_wconf 80' lang='lat'>35.</span> <span class='ocrx_word' id='word_1_160' title='bbox 436 2318 501 2378; x_wconf 85' lang='lat' dir='ltr'>AD</span> <span class='ocrx_word' id='word_1_161' title='bbox 531 2319 859 2380; x_wconf 85' lang='lat' dir='ltr'>FAMILIARES</span> <span class='ocrx_word' id='word_1_162' title='bbox 891 2320 988 2381; x_wconf 91' lang='lat' dir='ltr'>VllI.</span> <span class='ocrx_word' id='word_1_163' title='bbox 1011 2324 1039 2380; x_wconf 86' lang='lat'>6.</span> 
     </span>
    </p>
   </div>
   <div class='ocr_carea' id='block_1_4' title="bbox 407 2433 969 2602">
    <p class='ocr_par' dir='ltr' id='par_1_4' title="bbox 407 2433 969 2602">
     <span class='ocr_line' id='line_1_22' title="bbox 407 2433 969 2514; baseline 0 -18"><span class='ocrx_word' id='word_1_164' title='bbox 407 2433 472 2496; x_wconf 75' lang='lat' dir='ltr'>Sca.</span> <span class='ocrx_word' id='word_1_165' title='bbox 493 2451 586 2494; x_wconf 78' lang='lat' dir='ltr'>mussa</span> <span class='ocrx_word' id='word_1_166' title='bbox 607 2435 777 2496; x_wconf 76' lang='lat' dir='ltr'>Fennorum</span> <span class='ocrx_word' id='word_1_167' title='bbox 798 2455 880 2498; x_wconf 70' lang='lat' dir='ltr'>nuc.</span> <span class='ocrx_word' id='word_1_168' title='bbox 903 2449 969 2514; x_wconf 74' lang='lat'>704.</span> 
     </span>
     <span class='ocr_line' id='line_1_23' title="bbox 518 2560 871 2602; baseline 0 -1"><span class='ocrx_word' id='word_1_169' title='bbox 518 2560 638 2601; x_wconf 75' lang='lat' dir='ltr'>cramus</span> <span class='ocrx_word' id='word_1_170' title='bbox 658 2561 790 2602; x_wconf 80' lang='lat' dir='ltr'>ercuuom</span> <span class='ocrx_word' id='word_1_171' title='bbox 811 2561 871 2602; x_wconf 75' lang='lat' dir='ltr'>sna.</span> 
     </span>
    </p>
   </div>
   <div class='ocr_carea' id='block_1_5' title="bbox 221 2647 1168 3514">
    <p class='ocr_par' dir='ltr' id='par_1_5' title="bbox 221 2647 1168 3514">
     <span class='ocr_line' id='line_1_24' title="bbox 268 2647 1167 2730; baseline 0.006 -21"><span class='ocrx_word' id='word_1_172' title='bbox 268 2671 291 2709; x_wconf 93' lang='lat'>1.</span> <span class='ocrx_word' id='word_1_173' title='bbox 313 2647 382 2711; x_wconf 83' lang='lat' dir='ltr'>Non</span> <span class='ocrx_word' id='word_1_174' title='bbox 409 2650 509 2711; x_wconf 89' lang='lat' dir='ltr'>dubito</span> <span class='ocrx_word' id='word_1_175' title='bbox 537 2653 608 2729; x_wconf 88' lang='lat' dir='ltr'>quin</span> <span class='ocrx_word' id='word_1_176' title='bbox 635 2653 776 2730; x_wconf 90' lang='lat' dir='ltr'>perlatum</span> <span class='ocrx_word' id='word_1_177' title='bbox 804 2653 842 2711; x_wconf 89' lang='lat' dir='ltr'>ad</span> <span class='ocrx_word' id='word_1_178' title='bbox 869 2663 898 2712; x_wconf 88' lang='lat' dir='ltr'>te</span> <span class='ocrx_word' id='word_1_179' title='bbox 925 2653 969 2723; x_wconf 89' lang='lat' dir='ltr'>sit,</span> <span class='ocrx_word' id='word_1_180' title='bbox 992 2653 1128 2730; x_wconf 85' lang='lat' dir='ltr'>Appium</span> <span class='ocrx_word' id='word_1_181' title='bbox 1151 2675 1167 2713; x_wconf 90' lang='lat' dir='ltr'>a</span> 
     </span>
     <span class='ocr_line' id='line_1_25' title="bbox 223 2746 1167 2827; baseline 0.006 -19"><span class='ocrx_word' id='word_1_182' title='bbox 223 2746 374 2808; x_wconf 87' lang='lat' dir='ltr'>Dolabella</span> <span class='ocrx_word' id='word_1_183' title='bbox 394 2765 475 2808; x_wconf 89' lang='lat' dir='ltr'>reum</span> <span class='ocrx_word' id='word_1_184' title='bbox 495 2747 611 2823; x_wconf 88' lang='lat' dir='ltr'>lactum,</span> <span class='ocrx_word' id='word_1_185' title='bbox 634 2767 703 2809; x_wconf 90' lang='lat' dir='ltr'>sane</span> <span class='ocrx_word' id='word_1_186' title='bbox 723 2767 812 2827; x_wconf 91' lang='lat' dir='ltr'>quam</span> <span class='ocrx_word' id='word_1_187' title='bbox 836 2755 897 2810; x_wconf 89' lang='lat' dir='ltr'>non</span> <span class='ocrx_word' id='word_1_188' title='bbox 924 2767 967 2821; x_wconf 87' lang='lat' dir='ltr'>ea,</span> <span class='ocrx_word' id='word_1_189' title='bbox 988 2769 1049 2827; x_wconf 87' lang='lat' dir='ltr'>qua</span> <span class='ocrx_word' id='word_1_190' title='bbox 1070 2755 1167 2814; x_wconf 85' lang='lat' dir='ltr'>existi-</span> 
     </span>
     <span class='ocr_line' id='line_1_26' title="bbox 223 2847 1168 2926; baseline 0.004 -20"><span class='ocrx_word' id='word_1_191' title='bbox 223 2865 376 2919; x_wconf 90' lang='lat' dir='ltr'>maveram,</span> <span class='ocrx_word' id='word_1_192' title='bbox 390 2847 511 2907; x_wconf 89' lang='lat' dir='ltr'>invidia:</span> <span class='ocrx_word' id='word_1_193' title='bbox 533 2867 628 2926; x_wconf 90' lang='lat' dir='ltr'>neque</span> <span class='ocrx_word' id='word_1_194' title='bbox 646 2850 724 2908; x_wconf 90' lang='lat' dir='ltr'>enim</span> <span class='ocrx_word' id='word_1_195' title='bbox 744 2849 827 2908; x_wconf 86' lang='lat' dir='ltr'>stulte</span> <span class='ocrx_word' id='word_1_196' title='bbox 845 2849 979 2926; x_wconf 83' lang='lat' dir='ltr'>Appius3</span> <span class='ocrx_word' id='word_1_197' title='bbox 1001 2852 1065 2926; x_wconf 84' lang='lat' dir='ltr'>qui,</span> <span class='ocrx_word' id='word_1_198' title='bbox 1082 2853 1168 2912; x_wconf 86' lang='lat' dir='ltr'>simul</span> 
     </span>
     <span class='ocr_line' id='line_1_27' title="bbox 223 2945 1168 3022; baseline 0.002 -16"><span class='ocrx_word' id='word_1_199' title='bbox 223 2957 309 3022; x_wconf 91' lang='lat' dir='ltr'>atque</span> <span class='ocrx_word' id='word_1_200' title='bbox 328 2945 479 3005; x_wconf 87' lang='lat' dir='ltr'>Dolabella</span> <span class='ocrx_word' id='word_1_201' title='bbox 498 2947 620 3008; x_wconf 88' lang='lat' dir='ltr'>accessit</span> <span class='ocrx_word' id='word_1_202' title='bbox 639 2947 676 3007; x_wconf 93' lang='lat' dir='ltr'>ad</span> <span class='ocrx_word' id='word_1_203' title='bbox 694 2948 828 3019; x_wconf 91' lang='lat' dir='ltr'>tribunal,</span> <span class='ocrx_word' id='word_1_204' title='bbox 844 2947 991 3007; x_wconf 87' lang='lat' dir='ltr'>introierat</span> <span class='ocrx_word' id='word_1_205' title='bbox 1010 2949 1042 3006; x_wconf 93' lang='lat' dir='ltr'>in</span> <span class='ocrx_word' id='word_1_206' title='bbox 1063 2952 1168 3010; x_wconf 88' lang='lat' dir='ltr'>urbem</span> 
     </span>
     <span class='ocr_line' id='line_1_28' title="bbox 221 3041 1168 3124; baseline 0.008 -25"><span class='ocrx_word' id='word_1_207' title='bbox 221 3041 414 3120; x_wconf 88' lang='lat' dir='ltr'>triumphique</span> <span class='ocrx_word' id='word_1_208' title='bbox 439 3043 662 3121; x_wconf 79' lang='lat' dir='ltr'>postrdationem</span> <span class='ocrx_word' id='word_1_209' title='bbox 689 3045 839 3117; x_wconf 85' lang='lat' dir='ltr'>abiecerat,</span> <span class='ocrx_word' id='word_1_210' title='bbox 863 3063 922 3124; x_wconf 91' lang='lat' dir='ltr'>quo</span> <span class='ocrx_word' id='word_1_211' title='bbox 946 3045 1024 3104; x_wconf 84' lang='lat' dir='ltr'>facto</span> <span class='ocrx_word' id='word_1_212' title='bbox 1049 3049 1168 3108; x_wconf 87' lang='lat' dir='ltr'>rettudit</span> 
     </span>
     <span class='ocr_line' id='line_1_29' title="bbox 223 3142 1168 3220; baseline 0.006 -20"><span class='ocrx_word' id='word_1_213' title='bbox 223 3157 371 3200; x_wconf 88' lang='lat' dir='ltr'>sermones</span> <span class='ocrx_word' id='word_1_214' title='bbox 395 3142 576 3220; x_wconf 87' lang='lat' dir='ltr'>paratiorque</span> <span class='ocrx_word' id='word_1_215' title='bbox 601 3144 677 3202; x_wconf 89' lang='lat' dir='ltr'>visus</span> <span class='ocrx_word' id='word_1_216' title='bbox 701 3153 752 3213; x_wconf 86' lang='lat' dir='ltr'>est,</span> <span class='ocrx_word' id='word_1_217' title='bbox 776 3159 865 3220; x_wconf 89' lang='lat' dir='ltr'>quarn</span> <span class='ocrx_word' id='word_1_218' title='bbox 889 3155 1053 3220; x_wconf 85' lang='lat' dir='ltr'>speraverat</span> <span class='ocrx_word' id='word_1_219' title='bbox 1081 3164 1168 3206; x_wconf 83' lang='lat' dir='ltr'>acen-</span> 
     </span>
     <span class='ocr_line' id='line_1_30' title="bbox 221 3237 1166 3317; baseline 0.006 -19"><span class='ocrx_word' id='word_1_220' title='bbox 221 3247 305 3298; x_wconf 89' lang='lat' dir='ltr'>sator.</span> <span class='ocrx_word' id='word_1_221' title='bbox 347 3237 378 3300; x_wconf 91' lang='lat' dir='ltr'>Is</span> <span class='ocrx_word' id='word_1_222' title='bbox 399 3257 477 3300; x_wconf 91' lang='lat' dir='ltr'>nunc</span> <span class='ocrx_word' id='word_1_223' title='bbox 497 3240 527 3298; x_wconf 93' lang='lat' dir='ltr'>in</span> <span class='ocrx_word' id='word_1_224' title='bbox 547 3249 576 3300; x_wconf 91' lang='lat' dir='ltr'>te</span> <span class='ocrx_word' id='word_1_225' title='bbox 598 3242 755 3300; x_wconf 85' lang='lat' dir='ltr'>maximam</span> <span class='ocrx_word' id='word_1_226' title='bbox 780 3259 863 3317; x_wconf 89' lang='lat' dir='ltr'>spem</span> <span class='ocrx_word' id='word_1_227' title='bbox 884 3240 980 3300; x_wconf 82' lang='lat' dir='ltr'>habet.</span> <span class='ocrx_word' id='word_1_228' title='bbox 1022 3241 1093 3303; x_wconf 83' lang='lat' dir='ltr'>Seio</span> <span class='ocrx_word' id='word_1_229' title='bbox 1117 3245 1166 3304; x_wconf 89' lang='lat' dir='ltr'>tibi</span> 
     </span>
     <span class='ocr_line' id='line_1_31' title="bbox 221 3339 1166 3418; baseline 0.003 -19"><span class='ocrx_word' id='word_1_230' title='bbox 221 3357 288 3399; x_wconf 90' lang='lat' dir='ltr'>eum</span> <span class='ocrx_word' id='word_1_231' title='bbox 312 3355 373 3398; x_wconf 90' lang='lat' dir='ltr'>non</span> <span class='ocrx_word' id='word_1_232' title='bbox 398 3351 462 3398; x_wconf 88' lang='lat' dir='ltr'>esse</span> <span class='ocrx_word' id='word_1_233' title='bbox 484 3339 571 3399; x_wconf 88' lang='lat' dir='ltr'>odio:</span> <span class='ocrx_word' id='word_1_234' title='bbox 602 3358 690 3417; x_wconf 92' lang='lat' dir='ltr'>quam</span> <span class='ocrx_word' id='word_1_235' title='bbox 713 3339 783 3398; x_wconf 90' lang='lat' dir='ltr'>velis</span> <span class='ocrx_word' id='word_1_236' title='bbox 808 3357 875 3399; x_wconf 90' lang='lat' dir='ltr'>eum</span> <span class='ocrx_word' id='word_1_237' title='bbox 900 3341 1035 3418; x_wconf 83' lang='lat' dir='ltr'>obligare,</span> <span class='ocrx_word' id='word_1_238' title='bbox 1059 3343 1093 3402; x_wconf 90' lang='lat' dir='ltr'>in</span> <span class='ocrx_word' id='word_1_239' title='bbox 1118 3354 1166 3404; x_wconf 86' lang='lat' dir='ltr'>tua</span> 
     </span>
     <span class='ocr_line' id='line_1_32' title="bbox 221 3436 1164 3514; baseline 0.008 -20"><span class='ocrx_word' id='word_1_240' title='bbox 221 3451 311 3495; x_wconf 89' lang='lat' dir='ltr'>manu</span> <span class='ocrx_word' id='word_1_241' title='bbox 328 3444 371 3494; x_wconf 90' lang='lat' dir='ltr'>est</span> <span class='ocrx_word' id='word_1_242' title='bbox 378 3454 386 3507; x_wconf 92' lang='lat'>;</span> <span class='ocrx_word' id='word_1_243' title='bbox 409 3453 474 3494; x_wconf 90' lang='lat' dir='ltr'>curn</span> <span class='ocrx_word' id='word_1_244' title='bbox 496 3453 555 3512; x_wconf 92' lang='lat' dir='ltr'>quo</span> <span class='ocrx_word' id='word_1_245' title='bbox 574 3438 603 3493; x_wconf 72' lang='grc' dir='ltr'>εἰ</span> <span class='ocrx_word' id='word_1_246' title='bbox 619 3436 747 3495; x_wconf 84' lang='lat' dir='ltr'>simultas</span> <span class='ocrx_word' id='word_1_247' title='bbox 766 3438 816 3496; x_wconf 88' lang='lat' dir='ltr'>tibi</span> <span class='ocrx_word' id='word_1_248' title='bbox 836 3455 898 3497; x_wconf 90' lang='lat' dir='ltr'>non</span> <span class='ocrx_word' id='word_1_249' title='bbox 918 3439 1026 3514; x_wconf 84' lang='lat' dir='ltr'>fuisset,</span> <span class='ocrx_word' id='word_1_250' title='bbox 1046 3441 1164 3502; x_wconf 83' lang='lat' dir='ltr'>liberius</span> 
     </span>
    </p>
   </div>
   <div class='ocr_carea' id='block_1_6' title="bbox 0 0 1232 3842">
    <p class='ocr_par' dir='ltr' id='par_1_6' title="bbox 0 0 1232 3842">
     <span class='ocr_line' id='line_1_33' title="bbox 0 0 1232 3842; baseline 0 4"><span class='ocrx_word' id='word_1_251' title='bbox 0 0 1232 3842; x_wconf 95' lang='lat' dir='ltr'> </span> 
     </span>
    </p>
   </div>
  </div>
 </body>
</html>
