2454 3842
64 279 104 340 up.
119 260 175 348 3s.]
277 276 389 326 rprsr.
413 277 462 324 An
483 277 648 326 arricum
671 279 699 328 v.
725 282 776 328 21.
941 279 998 344 107

62 431 91 486 in
115 439 244 488 mentem
268 429 495 489 faeneratoribus
519 430 589 489 nihil
613 449 645 489 se
669 431 764 488 iuvare
788 429 857 488 illud
885 438 1001 488 senatus

62 527 234 597 consultum,
256 526 336 604 quod
357 546 393 586 ex
415 527 580 604 syngrapha
600 529 643 587 ius
665 528 721 586 dici
741 526 787 586 lex
809 526 934 586 Gabinia
954 546 1001 585 ve-

62 634 141 683 taret.
185 623 264 682 Tum
284 624 316 682 fit
336 633 454 683 senatus
473 624 646 696 consultum,
661 643 699 682 vr
719 642 757 682 nx
775 643 814 682 aa
834 642 1002 683 smannens

62 725 79 758 *
95 724 145 760 **
173 732 248 782 esset
275 741 363 800 quam
387 733 507 794 ceterae,
533 723 585 781 sed
611 733 643 782 ut
670 723 784 782 eodem.
827 721 903 781 Cum
929 722 1002 781 haec

63 821 272 892 disseruissem,
296 821 406 880 seducit
429 840 477 881 me
501 822 653 899 Scaptius;
684 823 723 880 ait
751 840 782 880 se
806 819 877 878 nihil
901 827 1002 878 contra

63 919 169 991 dicere,
184 919 235 978 sed
254 919 317 978 illos
338 929 439 995 putare
457 921 566 979 talenta
584 941 625 980 cc.
641 940 672 980 se
692 921 813 991 deberet
836 937 871 978 ea
886 935 916 978 se
930 916 1001 974 velle

61 1018 201 1094 accipere,
219 1018 324 1076 debere
345 1027 443 1076 autem
463 1018 527 1077 illos
548 1019 635 1095 paulo
656 1019 770 1090 minus;
792 1026 881 1094 rogat,
900 1024 931 1073 ut
952 1032 1003 1072 eos

62 1116 101 1174 ad
116 1117 239 1174 ducenta
252 1116 417 1192 perducam.
458 1117 609 1195 ‘Optime’
624 1119 752 1194 inquam.
788 1116 873 1175 Voco
888 1115 951 1172 illos
966 1112 1003 1170 ad

61 1232 119 1283 me,
134 1223 247 1272 remoto
268 1213 392 1289 Scaptio.
436 1215 533 1287 ‘Quid
547 1218 620 1276 vos?
638 1216 789 1292 quantum’
801 1215 920 1291 inquam
936 1211 1003 1270 ‘de-

61 1312 170 1370 betisi'
206 1311 399 1389 Respondent
413 1314 492 1373 ‘cvr'
529 1315 637 1373 Refero
652 1315 689 1373 ad
704 1314 859 1391 Scaptium.
900 1310 1003 1370 Homo

61 1410 195 1468 clamare.
247 1409 343 1480 ‘Quid
371 1429 447 1486 opus
474 1411 530 1471 est'
555 1414 673 1489 inquam
697 1418 800 1489 ‘quam
823 1418 855 1469 ut
876 1411 1002 1469 rationes

61 1504 250 1582 conferatisi’
292 1507 449 1583 Adsidunt,
472 1512 638 1571 subducunt
645 1532 652 1584 ;
687 1513 728 1570 ad
751 1529 904 1571 nummum
932 1527 1002 1568 con-

60 1607 147 1665 venit.
200 1607 245 1665 Illi
279 1625 311 1666 se
344 1626 497 1668 numerare
531 1610 611 1682 velle,
642 1629 753 1687 urgere,
785 1619 817 1668 ut
851 1608 1001 1685 acciperet.
1103 1661 1106 1666 .

62 1705 197 1781 Scaptius
210 1724 258 1764 me
277 1723 374 1788 rursus
395 1707 514 1780 seducit,
528 1716 620 1784 rogat,
634 1718 666 1766 ut
687 1726 747 1767 rem
770 1709 812 1766 sic
833 1707 1001 1782 relinquam.

59 1803 139 1860 Dedi
153 1805 266 1864 veniam
280 1804 391 1862 homini
404 1806 587 1884 impudenter
601 1808 726 1882 petenti;
746 1805 865 1866 Graecis
881 1821 1001 1881 queren-

60 1903 147 1973 tibus,
162 1912 194 1960 ut
212 1902 242 1959 in
263 1901 331 1960 lano
351 1903 530 1979 deponerent
550 1904 770 1981 postulantibus,
786 1922 847 1962 non
861 1901 1001 1961 concessi.

60 1998 197 2058 Clamare
221 2017 325 2058 omnes
347 2001 396 2076 qui
418 2001 546 2072 aderant,
566 2002 636 2059 nihil
657 2003 853 2078 impudentius
876 1999 1001 2074 Scaptio,

59 2097 111 2173 qui
140 2098 304 2157 centesimis
332 2116 399 2156 cum
429 2100 610 2158 anatocismo
638 2108 790 2158 contentus
820 2116 880 2157 non
908 2104 985 2155 esset
992 2113 1001 2166 ;

59 2196 117 2266 alii,
139 2194 211 2270 nihil
233 2195 353 2255 stultius.
395 2195 470 2253 Mihi
493 2206 590 2255 autem
615 2197 768 2273 impudens
796 2196 889 2272 magis
913 2212 1002 2270 quarn

60 2294 166 2352 stultus
180 2293 344 2352 videbatur:
367 2313 436 2352 nam
457 2304 505 2352 aut
523 2297 604 2354 bono
621 2296 740 2353 nomine
754 2293 919 2354 centesimis
933 2309 1002 2350 con-

58 2401 159 2450 tentus
173 2402 234 2451 erat
252 2402 301 2450 aut
319 2411 378 2451 non
397 2393 476 2451 bono
496 2403 649 2469 quaternas
669 2394 840 2452 centesimas
859 2391 1001 2467 sperabat.

62 2509 108 2562 13.
134 2490 236 2549 Habes
260 2509 357 2548 meam
378 2509 503 2561 causam,
525 2509 599 2567 quae
621 2491 644 2549 si
666 2491 755 2550 Bruto
777 2508 837 2548 non
858 2489 1002 2565 probatur,

59 2588 171 2658 nescio,
194 2607 244 2646 cur
264 2589 344 2646 illum
365 2607 503 2659 amemus,
523 2589 575 2647 sed
595 2589 736 2648 avunculo
757 2589 818 2647 eius
838 2597 915 2646 certe
936 2604 1003 2662 pro·

59 2686 185 2757 babitur‚
200 2687 366 2762 praesertim
384 2705 450 2746 cum
470 2697 586 2745 senatus
607 2686 771 2745 consultum
791 2687 881 2744 modo
895 2685 1004 2743 factum

59 2788 106 2855 sit,
122 2792 202 2859 puto,
217 2795 373 2862 postquam
394 2794 425 2843 tu
445 2804 477 2844 es
494 2783 648 2861 profectus,
664 2785 693 2841 in
712 2785 886 2843 creditorum
907 2802 1002 2854 causa,

59 2892 92 2941 ut
118 2883 293 2942 centesimae
318 2893 458 2960 perpetuo
486 2882 604 2942 faenore
633 2882 818 2941 ducerentur:
851 2882 907 2941 hoc
932 2882 1003 2958 quid

59 2981 181 3052 intersit,
209 2983 234 3039 si
260 2991 327 3040 tuos
355 2982 465 3058 digitos
488 2981 564 3050 novi,
593 2990 669 3038 certe
697 2979 786 3038 habes
820 2981 1001 3038 subductum.

59 3079 96 3138 In
118 3095 179 3156 quo
199 3079 324 3154 quidem,
343 3081 403 3135 ὁδοῦ
423 3081 557 3152 πάρεργον,
580 3076 617 3135 L.
638 3077 779 3136 Lucceius
804 3076 846 3135 M.
868 3077 886 3138 f.
910 3081 1004 3154 queri-

11 3159 20 3178 ’
57 3187 106 3235 tur
131 3174 211 3251 apud
235 3195 283 3236 me
308 3195 360 3254 per
381 3177 487 3237 litteras
516 3193 663 3234 summurn
687 3193 750 3234 esse
775 3176 942 3252 periculum,
966 3197 1003 3236 ne

58 3273 149 3351 culpa
176 3284 293 3333 senatus
314 3274 359 3334 his
386 3274 508 3333 decretis
541 3291 586 3331 res
615 3273 652 3331 a'd
680 3271 791 3332 tabulas
818 3291 908 3332 novas
940 3293 1004 3350 per-

56 3372 173 3443 veniat3
194 3381 411 3443 commemorat,
422 3372 492 3448 quid
506 3371 575 3431 olim
589 3370 657 3430 mali
672 3368 705 3428 C.
717 3369 805 3429 lulius
819 3370 925 3442 fecerit,
937 3391 1003 3431 curn

55 3469 204 3532 dieculam
225 3469 353 3546 duxerim
375 3488 536 3549 numquam
556 3471 597 3531 rei
618 3469 750 3547 publicae
770 3467 843 3547 plus.
886 3468 944 3530 Sed
965 3469 1004 3536 ad
