2436 3836
11 243 137 302 sp.139,
157 223 225 308 14o.]
248 237 361 292 nrrsr.
377 239 426 286 An
439 237 661 286 rnurrranss
675 239 708 287 r.
729 239 776 308 15.
908 226 970 308 269

11 413 122 470 aeque
143 397 272 454 animum
293 414 349 454 nec
370 396 548 471 diligentiam
569 396 640 454 mihi
661 395 831 455 defuturam.
874 396 971 473 Cupio

11 493 205 552 nehercules
226 493 335 552 nullam
357 495 501 552 residuam
524 494 747 552 sollicitudinem
769 513 832 554 esse
844 513 853 566 3
875 494 927 553 sed
947 495 971 552 si

11 593 120 662 :‘uerit,
134 610 188 651 nec
208 593 306 649 animo
325 611 380 650 nec
393 592 611 651 benevolentiae
631 611 686 651 nec
700 592 855 670 patientiae
876 593 971 651 cuius·

11 709 116 767 quam
140 709 194 766 pro
217 691 300 748 vobis
329 691 441 750 cedam.
482 691 531 750 Do
556 692 674 768 quidem
703 709 758 768 ego
787 709 915 768 operam,
941 699 972 747 ut

11 791 115 847 etiam
131 787 275 865 Lepidum
289 790 327 847 ad
340 789 425 848 huius
438 791 479 850 rei
493 791 663 848 societatem
676 790 800 862 incitem,
815 789 972 865 omniaque

11 890 45 946 ei
79 887 221 962 obsequia
242 887 388 963 polliceor,
413 889 549 947 simodo
574 889 806 964 rempublicam
830 887 972 964 respicere

11 985 114 1044 volet.
155 984 230 1044 Utor
246 986 277 1042 in
290 985 344 1044 hac
365 1005 396 1045 re
417 988 595 1046 adiutoribus
614 988 872 1064 interpretibusque
886 985 972 1044 fratre

11 1101 97 1143 meo
116 1093 143 1140 et
157 1083 314 1143 Laterense
335 1094 363 1144 et
377 1085 485 1144 Furnio
506 1096 614 1144 nostin.
657 1085 729 1145 Non
746 1105 793 1144 me
814 1084 972 1161 impedient

11 1183 155 1260 privatae
176 1181 361 1254 offensiones,
384 1202 442 1260 quo
464 1185 561 1242 minus
583 1203 637 1262 pro
662 1185 857 1262 reipublicae
882 1183 972 1241 salute

11 1283 117 1341 etiam
136 1298 202 1339 curn
216 1281 415 1340 inimicissimo
433 1284 621 1342 consentiam.
664 1283 754 1356 Quod
774 1283 798 1341 si
819 1281 889 1340 nihil
903 1299 971 1356 pro-

11 1383 134 1448 fecero,
151 1379 241 1438 nihilo
262 1380 358 1437 minus
378 1381 507 1440 maximo
529 1401 594 1440 sum
615 1383 713 1440 animo
735 1390 763 1440 et
784 1381 893 1438 maiore
914 1379 971 1436 for-

11 1492 104 1537 tasse
135 1494 201 1534 eum
228 1495 295 1534 mea
320 1477 412 1552 gloria
436 1479 518 1538 vobis
546 1479 615 1538 satis
639 1479 752 1538 faciam.
794 1477 853 1537 Fac
876 1476 972 1534 valeas

16 1594 137 1652 meque
150 1584 252 1634 mutuo
267 1575 377 1650 diligas.

222 1737 287 1792 140.
330 1731 387 1792 An
407 1729 661 1794 suurnrnnss
683 1735 720 1794 X.
745 1750 790 1810 15.

114 1845 179 1906 Sera
201 1865 232 1904 nt
253 1846 479 1906 Annonnosmus
500 1867 594 1908 unusn
615 1849 699 1910 Miro
720 1869 803 1910 nuc.
827 1862 842 1924 7
869 1867 893 1907 1.

362 1975 489 2016 annuens
509 1977 649 2018 cremori.

72 2094 98 2132 1.
123 2069 180 2128 Hrs
200 2069 299 2128 litteris
320 2070 432 2147 scriptis
447 2089 521 2146 quae
536 2082 640 2149 postea
660 2072 833 2132 accidissent
854 2072 925 2130 scire
946 2080 974 2129 te

19 2173 64 2232 ad
81 2189 145 2230 rem
155 2168 299 2245 publicam
311 2169 408 2244 putavi
419 2171 577 2245 pertinere:
600 2171 734 2230 sedulitas
748 2188 821 2242 mea,
833 2180 865 2229 ut
879 2188 974 2246 spem,

21 2283 54 2331 et
79 2269 152 2329 mihi
173 2277 203 2328 et
221 2269 263 2326 rei
279 2269 411 2344 publicae
432 2269 495 2326 tulit
515 2269 648 2329 fructum.
691 2270 827 2347 Namque
848 2270 975 2328 adsiduis

22 2368 213 2430 internuntiis
234 2386 300 2426 cum
314 2366 428 2443 Lepido
450 2368 505 2444 egi,
521 2377 552 2426 ut
566 2369 674 2427 omissa
695 2370 775 2428 omni
790 2369 975 2428 contentione

23 2465 276 2541 reconciliataque
302 2465 449 2524 voluntate
476 2476 577 2525 nostra
606 2469 756 2526 communi
788 2467 908 2526 consilio
937 2467 977 2524 rei

25 2566 168 2644 publicae
192 2573 377 2634 succurreret,
400 2582 438 2635 se,
462 2564 568 2624 liberos
592 2567 752 2643 urbemque
776 2565 864 2642 pluris
889 2582 977 2640 quam

24 2682 125 2724 unum
160 2661 305 2738 perditum
339 2663 542 2739 abiectumque
576 2665 717 2724 latronem
745 2673 859 2741 putaret
891 2665 977 2722 obse-

26 2764 162 2840 quioque
181 2778 257 2830 mec,
273 2761 297 2818 si
311 2759 351 2818 ita
364 2761 479 2834 iaceret,
495 2762 534 2820 ad
548 2782 651 2822 omnes
669 2783 715 2822 res
734 2765 904 2822 abuteretur.
949 2781 975 2820 a.

26 2860 166 2920 Proieci:
188 2860 285 2935 itaque
301 2878 354 2936 per
368 2839 556 2921 iraterensem
575 2863 780 2921 internuntium
799 2862 887 2920 fidem
907 2861 977 2919 mihi

28 2959 112 3018 dedit
128 2976 160 3016 se
176 2958 344 3030 Antonium,
359 2961 383 3017 si
397 2959 549 3035 prohibere
563 2963 712 3038 provincia
726 2979 777 3018 sua
791 2977 851 3018 non
865 2962 976 3036 potuis-

30 3071 83 3132 set,
99 3057 178 3118 bello
192 3067 417 3134 persecuturum,
432 3077 481 3116 me
495 3069 526 3116 ut
540 3060 667 3117 venirem
682 3061 839 3136 copiasque
854 3061 975 3118 coniun-

29 3177 135 3236 gerem
148 3157 268 3234 rogavit,
283 3174 377 3233 eoque
390 3158 492 3232 magis,
503 3158 584 3233 quod
598 3167 626 3215 et
637 3158 782 3216 Antonius
796 3158 833 3216 ab
848 3162 976 3234 equitatu

31 3260 134 3318 firmus
155 3275 219 3316 esse
241 3257 388 3316 dicebatur
408 3265 437 3313 et
455 3256 583 3331 Lepidus
604 3274 642 3313 ne
663 3257 840 3315 mediocrem
857 3258 975 3332 quidem

31 3359 193 3431 equitatum
215 3355 356 3425 habebam
384 3373 453 3412 nam
481 3355 567 3412 etiam
595 3372 631 3412 ex
655 3355 798 3430 paucitate
826 3357 887 3414 eius
914 3374 975 3414 non

33 3456 131 3514 multis
160 3465 226 3513 ante
254 3454 355 3512 diebus
384 3455 495 3525 decem,
520 3453 570 3530 qui
596 3454 703 3531 optimi.
721 3455 842 3525 fuerant,
866 3455 904 3513 ad
926 3472 973 3512 me
