<?xml version="1.0" encoding="UTF-8"?>
<!DOCTYPE html PUBLIC "-//W3C//DTD XHTML 1.0 Transitional//EN"
    "http://www.w3.org/TR/xhtml1/DTD/xhtml1-transitional.dtd">
<html xmlns="http://www.w3.org/1999/xhtml" xml:lang="en" lang="en">
 <head>
  <title>
</title>
<meta http-equiv="Content-Type" content="text/html;charset=utf-8" />
  <meta name='ocr-system' content='tesseract 3.04.00' />
  <meta name='ocr-capabilities' content='ocr_page ocr_carea ocr_par ocr_line ocrx_word'/>
</head>
<body>
  <div class='ocr_page' id='page_1' title='image "./epistolaeselect00watsgoog/epistolaeselect00watsgoog_0093.png"; bbox 0 0 2454 3842; ppageno 0'>
   <div class='ocr_carea' id='block_1_1' title="bbox 205 239 1157 324">
    <p class='ocr_par' dir='ltr' id='par_1_1' title="bbox 205 239 1157 324">
     <span class='ocr_line' id='line_1_1' title="bbox 205 239 1157 324; baseline 0.006 -30"><span class='ocrx_word' id='word_1_1' title='bbox 205 251 246 321; x_wconf 75' lang='lat'>72</span> <span class='ocrx_word' id='word_1_2' title='bbox 474 247 512 296; x_wconf 84' lang='lat' dir='ltr'>M.</span> <span class='ocrx_word' id='word_1_3' title='bbox 538 247 657 296; x_wconf 77' lang='lat' dir='ltr'>ronan</span> <span class='ocrx_word' id='word_1_4' title='bbox 679 249 866 298; x_wconf 75' lang='lat' dir='ltr'>cremonae</span> <span class='ocrx_word' id='word_1_5' title='bbox 1034 239 1107 324; x_wconf 63' lang='lat' dir='ltr'>[ears</span> <span class='ocrx_word' id='word_1_6' title='bbox 1125 255 1157 301; x_wconf 87' lang='lat' dir='ltr'>rr.</span> 
     </span>
    </p>
   </div>
   <div class='ocr_carea' id='block_1_2' title="bbox 127 398 1161 3542">
    <p class='ocr_par' dir='ltr' id='par_1_2' title="bbox 127 398 1161 3542">
     <span class='ocr_line' id='line_1_2' title="bbox 207 398 1157 477; baseline -0.001 -15"><span class='ocrx_word' id='word_1_7' title='bbox 207 413 236 462; x_wconf 90' lang='lat' dir='ltr'>et</span> <span class='ocrx_word' id='word_1_8' title='bbox 256 401 346 459; x_wconf 91' lang='lat' dir='ltr'>homo</span> <span class='ocrx_word' id='word_1_9' title='bbox 367 398 557 476; x_wconf 87' lang='lat' dir='ltr'>pereruditus,</span> <span class='ocrx_word' id='word_1_10' title='bbox 578 408 610 458; x_wconf 92' lang='lat' dir='ltr'>ut</span> <span class='ocrx_word' id='word_1_11' title='bbox 630 400 719 472; x_wconf 91' lang='lat' dir='ltr'>aiunt,</span> <span class='ocrx_word' id='word_1_12' title='bbox 740 411 768 460; x_wconf 90' lang='lat' dir='ltr'>et</span> <span class='ocrx_word' id='word_1_13' title='bbox 789 419 868 460; x_wconf 93' lang='lat' dir='ltr'>nunc</span> <span class='ocrx_word' id='word_1_14' title='bbox 891 401 1011 477; x_wconf 92' lang='lat' dir='ltr'>quidem</span> <span class='ocrx_word' id='word_1_15' title='bbox 1036 402 1157 464; x_wconf 90' lang='lat' dir='ltr'>deditus</span> 
     </span>
     <span class='ocr_line' id='line_1_3' title="bbox 209 498 1157 579; baseline 0.001 -19"><span class='ocrx_word' id='word_1_16' title='bbox 209 499 329 560; x_wconf 91' lang='lat' dir='ltr'>Graecis</span> <span class='ocrx_word' id='word_1_17' title='bbox 350 499 448 558; x_wconf 88' lang='lat' dir='ltr'>litteris</span> <span class='ocrx_word' id='word_1_18' title='bbox 463 498 620 558; x_wconf 81' lang='lat' dir='ltr'><strong>Pituanius.</strong></span> <span class='ocrx_word' id='word_1_19' title='bbox 663 499 730 570; x_wconf 91' lang='lat' dir='ltr'>Sed,</span> <span class='ocrx_word' id='word_1_20' title='bbox 745 500 768 559; x_wconf 91' lang='lat' dir='ltr'>si</span> <span class='ocrx_word' id='word_1_21' title='bbox 784 499 827 559; x_wconf 88' lang='lat' dir='ltr'>vis</span> <span class='ocrx_word' id='word_1_22' title='bbox 848 499 939 558; x_wconf 91' lang='lat' dir='ltr'>homo</span> <span class='ocrx_word' id='word_1_23' title='bbox 960 519 1032 573; x_wconf 91' lang='lat' dir='ltr'>esse,</span> <span class='ocrx_word' id='word_1_24' title='bbox 1052 503 1157 579; x_wconf 88' lang='lat' dir='ltr'>recipe</span> 
     </span>
     <span class='ocr_line' id='line_1_4' title="bbox 207 597 1157 674; baseline 0.001 -17"><span class='ocrx_word' id='word_1_25' title='bbox 207 611 237 658; x_wconf 95' lang='lat' dir='ltr'>te</span> <span class='ocrx_word' id='word_1_26' title='bbox 258 599 296 658; x_wconf 89' lang='lat' dir='ltr'>ad</span> <span class='ocrx_word' id='word_1_27' title='bbox 316 615 380 671; x_wconf 84' lang='lat' dir='ltr'>nos,</span> <span class='ocrx_word' id='word_1_28' title='bbox 394 599 431 657; x_wconf 88' lang='lat' dir='ltr'>ad</span> <span class='ocrx_word' id='word_1_29' title='bbox 446 597 526 674; x_wconf 93' lang='lat' dir='ltr'>quod</span> <span class='ocrx_word' id='word_1_30' title='bbox 540 607 655 674; x_wconf 91' lang='lat' dir='ltr'>tempus</span> <span class='ocrx_word' id='word_1_31' title='bbox 677 599 870 670; x_wconf 88' lang='lat' dir='ltr'>confirmasti;</span> <span class='ocrx_word' id='word_1_32' title='bbox 893 617 961 657; x_wconf 91' lang='lat' dir='ltr'>cum</span> <span class='ocrx_word' id='word_1_33' title='bbox 975 599 1029 658; x_wconf 94' lang='lat' dir='ltr'>illis</span> <span class='ocrx_word' id='word_1_34' title='bbox 1041 609 1157 671; x_wconf 83' lang='lat' dir='ltr'>tamen,</span> 
     </span>
     <span class='ocr_line' id='line_1_5' title="bbox 209 696 1158 774; baseline -0.001 -15"><span class='ocrx_word' id='word_1_35' title='bbox 209 717 276 759; x_wconf 91' lang='lat' dir='ltr'>cum</span> <span class='ocrx_word' id='word_1_36' title='bbox 300 698 370 758; x_wconf 87' lang='lat' dir='ltr'>salvi</span> <span class='ocrx_word' id='word_1_37' title='bbox 390 697 527 769; x_wconf 87' lang='lat' dir='ltr'>venerint,</span> <span class='ocrx_word' id='word_1_38' title='bbox 549 696 665 756; x_wconf 90' lang='lat' dir='ltr'>Romae</span> <span class='ocrx_word' id='word_1_39' title='bbox 688 698 782 757; x_wconf 93' lang='lat' dir='ltr'>vivere</span> <span class='ocrx_word' id='word_1_40' title='bbox 807 697 912 757; x_wconf 88' lang='lat' dir='ltr'>licebit.</span> <span class='ocrx_word' id='word_1_41' title='bbox 956 719 981 774; x_wconf 84' lang='lat'>3.</span> <span class='ocrx_word' id='word_1_42' title='bbox 1003 700 1102 759; x_wconf 89' lang='lat' dir='ltr'>Avere</span> <span class='ocrx_word' id='word_1_43' title='bbox 1127 709 1158 758; x_wconf 90' lang='lat' dir='ltr'>te</span> 
     </span>
     <span class='ocr_line' id='line_1_6' title="bbox 209 795 1157 872; baseline -0.001 -14"><span class='ocrx_word' id='word_1_44' title='bbox 209 797 309 858; x_wconf 91' lang='lat' dir='ltr'>scribis</span> <span class='ocrx_word' id='word_1_45' title='bbox 329 797 459 872; x_wconf 88' lang='lat' dir='ltr'>accipere</span> <span class='ocrx_word' id='word_1_46' title='bbox 479 795 619 872; x_wconf 90' lang='lat' dir='ltr'>aliquida</span> <span class='ocrx_word' id='word_1_47' title='bbox 639 813 687 854; x_wconf 88' lang='lat' dir='ltr'>me</span> <span class='ocrx_word' id='word_1_48' title='bbox 708 796 881 855; x_wconf 85' lang='lat' dir='ltr'>litterarum:</span> <span class='ocrx_word' id='word_1_49' title='bbox 902 795 978 868; x_wconf 90' lang='lat' dir='ltr'>dedi,</span> <span class='ocrx_word' id='word_1_50' title='bbox 1000 817 1035 856; x_wconf 88' lang='lat' dir='ltr'>ac</span> <span class='ocrx_word' id='word_1_51' title='bbox 1053 799 1157 857; x_wconf 90' lang='lat' dir='ltr'>multis</span> 
     </span>
     <span class='ocr_line' id='line_1_7' title="bbox 209 892 1157 978; baseline -0.002 -22"><span class='ocrx_word' id='word_1_52' title='bbox 209 897 328 974; x_wconf 90' lang='lat' dir='ltr'>quidem</span> <span class='ocrx_word' id='word_1_53' title='bbox 350 894 386 954; x_wconf 94' lang='lat' dir='ltr'>de</span> <span class='ocrx_word' id='word_1_54' title='bbox 407 895 501 964; x_wconf 88' lang='lat' dir='ltr'>rebus,</span> <span class='ocrx_word' id='word_1_55' title='bbox 516 894 689 968; x_wconf 78' lang='grc' dir='ltr'>ἡμερολεγδὸν</span> <span class='ocrx_word' id='word_1_56' title='bbox 708 895 867 972; x_wconf 88' lang='lat' dir='ltr'>perscripta</span> <span class='ocrx_word' id='word_1_57' title='bbox 887 895 1002 968; x_wconf 90' lang='lat' dir='ltr'>omnia;</span> <span class='ocrx_word' id='word_1_58' title='bbox 1026 897 1089 969; x_wconf 88' lang='lat' dir='ltr'>sed,</span> <span class='ocrx_word' id='word_1_59' title='bbox 1112 892 1157 978; x_wconf 87' lang='lat' dir='ltr'>[ut</span> 
     </span>
     <span class='ocr_line' id='line_1_8' title="bbox 209 989 1157 1072; baseline -0.002 -17"><span class='ocrx_word' id='word_1_60' title='bbox 209 989 355 1072; x_wconf 90' lang='lat' dir='ltr'>coniici0,]</span> <span class='ocrx_word' id='word_1_61' title='bbox 377 992 516 1070; x_wconf 91' lang='lat' dir='ltr'>quoniam</span> <span class='ocrx_word' id='word_1_62' title='bbox 537 990 608 1048; x_wconf 91' lang='lat' dir='ltr'>mihi</span> <span class='ocrx_word' id='word_1_63' title='bbox 628 1009 690 1050; x_wconf 93' lang='lat' dir='ltr'>non</span> <span class='ocrx_word' id='word_1_64' title='bbox 710 993 814 1050; x_wconf 86' lang='lat' dir='ltr'>videris</span> <span class='ocrx_word' id='word_1_65' title='bbox 836 994 865 1052; x_wconf 93' lang='lat' dir='ltr'>in</span> <span class='ocrx_word' id='word_1_66' title='bbox 879 992 970 1070; x_wconf 88' lang='lat' dir='ltr'>Epiro</span> <span class='ocrx_word' id='word_1_67' title='bbox 991 994 1040 1052; x_wconf 92' lang='lat' dir='ltr'>diu</span> <span class='ocrx_word' id='word_1_68' title='bbox 1053 993 1157 1064; x_wconf 87' lang='lat' dir='ltr'>fuisse,</span> 
     </span>
     <span class='ocr_line' id='line_1_9' title="bbox 209 1088 1157 1154; baseline -0.003 -1"><span class='ocrx_word' id='word_1_69' title='bbox 209 1093 335 1154; x_wconf 87' lang='lat' dir='ltr'>redditas</span> <span class='ocrx_word' id='word_1_70' title='bbox 354 1092 404 1149; x_wconf 89' lang='lat' dir='ltr'>tibi</span> <span class='ocrx_word' id='word_1_71' title='bbox 425 1109 487 1150; x_wconf 92' lang='lat' dir='ltr'>non</span> <span class='ocrx_word' id='word_1_72' title='bbox 506 1091 634 1149; x_wconf 85' lang='lat' dir='ltr'>arbitror.</span> <span class='ocrx_word' id='word_1_73' title='bbox 677 1088 779 1148; x_wconf 92' lang='lat' dir='ltr'>Genus</span> <span class='ocrx_word' id='word_1_74' title='bbox 798 1100 895 1149; x_wconf 90' lang='lat' dir='ltr'>autem</span> <span class='ocrx_word' id='word_1_75' title='bbox 915 1110 1046 1150; x_wconf 90' lang='lat' dir='ltr'>mearum</span> <span class='ocrx_word' id='word_1_76' title='bbox 1066 1093 1109 1151; x_wconf 89' lang='lat' dir='ltr'>ad</span> <span class='ocrx_word' id='word_1_77' title='bbox 1128 1103 1157 1150; x_wconf 89' lang='lat' dir='ltr'>te</span> 
     </span>
     <span class='ocr_line' id='line_1_10' title="bbox 209 1173 1157 1270; baseline -0.002 -20"><span class='ocrx_word' id='word_1_78' title='bbox 209 1190 327 1270; x_wconf 91' lang='lat' dir='ltr'>quidem</span> <span class='ocrx_word' id='word_1_79' title='bbox 355 1173 511 1250; x_wconf 86' lang='lat' dir='ltr'>litterarum</span> <span class='ocrx_word' id='word_1_80' title='bbox 545 1189 608 1246; x_wconf 89' lang='lat' dir='ltr'>eius</span> <span class='ocrx_word' id='word_1_81' title='bbox 641 1189 723 1246; x_wconf 92' lang='lat' dir='ltr'>modi</span> <span class='ocrx_word' id='word_1_82' title='bbox 750 1187 809 1247; x_wconf 85' lang='lat' dir='ltr'>iere</span> <span class='ocrx_word' id='word_1_83' title='bbox 836 1198 889 1260; x_wconf 89' lang='lat' dir='ltr'>est,</span> <span class='ocrx_word' id='word_1_84' title='bbox 917 1198 949 1247; x_wconf 89' lang='lat' dir='ltr'>ut</span> <span class='ocrx_word' id='word_1_85' title='bbox 975 1207 1037 1248; x_wconf 92' lang='lat' dir='ltr'>non</span> <span class='ocrx_word' id='word_1_86' title='bbox 1063 1189 1157 1250; x_wconf 90' lang='lat' dir='ltr'>libeat</span> 
     </span>
     <span class='ocr_line' id='line_1_11' title="bbox 208 1286 1157 1365; baseline -0.004 -15"><span class='ocrx_word' id='word_1_87' title='bbox 208 1289 346 1365; x_wconf 82' lang='lat' dir='ltr'>cuiquam</span> <span class='ocrx_word' id='word_1_88' title='bbox 361 1287 437 1357; x_wconf 88' lang='lat' dir='ltr'>dare,</span> <span class='ocrx_word' id='word_1_89' title='bbox 452 1286 506 1346; x_wconf 92' lang='lat' dir='ltr'>nisi</span> <span class='ocrx_word' id='word_1_90' title='bbox 522 1286 633 1362; x_wconf 89' lang='lat' dir='ltr'>dequo</span> <span class='ocrx_word' id='word_1_91' title='bbox 650 1287 831 1363; x_wconf 90' lang='lat' dir='ltr'>exploratum</span> <span class='ocrx_word' id='word_1_92' title='bbox 852 1288 888 1345; x_wconf 91' lang='lat' dir='ltr'>sit</span> <span class='ocrx_word' id='word_1_93' title='bbox 902 1286 953 1346; x_wconf 88' lang='lat' dir='ltr'>tibi</span> <span class='ocrx_word' id='word_1_94' title='bbox 972 1305 1040 1346; x_wconf 91' lang='lat' dir='ltr'>eum</span> <span class='ocrx_word' id='word_1_95' title='bbox 1058 1289 1157 1348; x_wconf 87' lang='lat' dir='ltr'>reddi-</span> 
     </span>
     <span class='ocr_line' id='line_1_12' title="bbox 209 1384 1156 1461; baseline -0.003 -13"><span class='ocrx_word' id='word_1_96' title='bbox 209 1398 314 1448; x_wconf 89' lang='lat' dir='ltr'>turum.</span> <span class='ocrx_word' id='word_1_97' title='bbox 358 1404 385 1458; x_wconf 89' lang='grc'>4.</span> <span class='ocrx_word' id='word_1_98' title='bbox 407 1384 495 1444; x_wconf 92' lang='lat' dir='ltr'>Nunc</span> <span class='ocrx_word' id='word_1_99' title='bbox 509 1385 660 1444; x_wconf 91' lang='lat' dir='ltr'>Romanas</span> <span class='ocrx_word' id='word_1_100' title='bbox 681 1403 727 1443; x_wconf 92' lang='lat' dir='ltr'>res</span> <span class='ocrx_word' id='word_1_101' title='bbox 748 1385 863 1461; x_wconf 84' lang='lat' dir='ltr'>accipe:</span> <span class='ocrx_word' id='word_1_102' title='bbox 889 1403 915 1443; x_wconf 90' lang='lat' dir='ltr'>a.</span> <span class='ocrx_word' id='word_1_103' title='bbox 935 1384 964 1442; x_wconf 94' lang='lat' dir='ltr'>d.</span> <span class='ocrx_word' id='word_1_104' title='bbox 985 1405 1025 1444; x_wconf 86' lang='lat'>111.</span> <span class='ocrx_word' id='word_1_105' title='bbox 1048 1385 1156 1445; x_wconf 90' lang='lat' dir='ltr'>Nonas</span> 
     </span>
     <span class='ocr_line' id='line_1_13' title="bbox 211 1482 1156 1556; baseline 0 -14"><span class='ocrx_word' id='word_1_106' title='bbox 211 1483 372 1556; x_wconf 89' lang='lat' dir='ltr'>Quinctiles</span> <span class='ocrx_word' id='word_1_107' title='bbox 388 1483 510 1543; x_wconf 85' lang='lat' dir='ltr'>Sufenas</span> <span class='ocrx_word' id='word_1_108' title='bbox 530 1494 558 1543; x_wconf 91' lang='lat' dir='ltr'>et</span> <span class='ocrx_word' id='word_1_109' title='bbox 573 1483 647 1542; x_wconf 88' lang='lat' dir='ltr'>Cato</span> <span class='ocrx_word' id='word_1_110' title='bbox 668 1483 800 1554; x_wconf 91' lang='lat' dir='ltr'>absoluti,</span> <span class='ocrx_word' id='word_1_111' title='bbox 815 1482 953 1542; x_wconf 86' lang='lat' dir='ltr'>Procilius</span> <span class='ocrx_word' id='word_1_112' title='bbox 974 1484 1156 1542; x_wconf 90' lang='lat' dir='ltr'>condemna-</span> 
     </span>
     <span class='ocr_line' id='line_1_14' title="bbox 211 1583 1156 1659; baseline -0.002 -17"><span class='ocrx_word' id='word_1_113' title='bbox 211 1591 274 1654; x_wconf 90' lang='lat' dir='ltr'>tus;</span> <span class='ocrx_word' id='word_1_114' title='bbox 310 1601 346 1642; x_wconf 86' lang='lat' dir='ltr'>ex</span> <span class='ocrx_word' id='word_1_115' title='bbox 374 1599 434 1659; x_wconf 87' lang='lat' dir='ltr'>quo</span> <span class='ocrx_word' id='word_1_116' title='bbox 462 1583 641 1641; x_wconf 92' lang='lat' dir='ltr'>intellectum</span> <span class='ocrx_word' id='word_1_117' title='bbox 668 1590 713 1640; x_wconf 90' lang='lat' dir='ltr'>est</span> <span class='ocrx_word' id='word_1_118' title='bbox 739 1583 977 1656; x_wconf 76' lang='grc' dir='ltr'>τρισαρειοπαγίτας</span> <span class='ocrx_word' id='word_1_119' title='bbox 1003 1583 1156 1653; x_wconf 91' lang='lat' dir='ltr'>ambitum,</span> 
     </span>
     <span class='ocr_line' id='line_1_15' title="bbox 212 1678 1155 1756; baseline -0.001 -16"><span class='ocrx_word' id='word_1_120' title='bbox 212 1680 337 1752; x_wconf 90' lang='lat' dir='ltr'>comitia,</span> <span class='ocrx_word' id='word_1_121' title='bbox 364 1682 569 1756; x_wconf 85' lang='lat' dir='ltr'>interregnum,</span> <span class='ocrx_word' id='word_1_122' title='bbox 597 1680 787 1752; x_wconf 88' lang='lat' dir='ltr'>maiestatem,</span> <span class='ocrx_word' id='word_1_123' title='bbox 816 1688 908 1739; x_wconf 88' lang='lat' dir='ltr'>totam</span> <span class='ocrx_word' id='word_1_124' title='bbox 936 1678 1061 1756; x_wconf 88' lang='lat' dir='ltr'>denique</span> <span class='ocrx_word' id='word_1_125' title='bbox 1092 1700 1155 1739; x_wconf 93' lang='lat' dir='ltr'>rem</span> 
     </span>
     <span class='ocr_line' id='line_1_16' title="bbox 211 1777 1156 1857; baseline -0.003 -16"><span class='ocrx_word' id='word_1_126' title='bbox 211 1780 357 1857; x_wconf 87' lang='lat' dir='ltr'>publicam</span> <span class='ocrx_word' id='word_1_127' title='bbox 382 1780 467 1839; x_wconf 90' lang='lat' dir='ltr'>flocci</span> <span class='ocrx_word' id='word_1_128' title='bbox 491 1797 552 1838; x_wconf 92' lang='lat' dir='ltr'>non</span> <span class='ocrx_word' id='word_1_129' title='bbox 577 1777 680 1838; x_wconf 84' lang='lat' dir='ltr'>iacere.</span> <span class='ocrx_word' id='word_1_130' title='bbox 722 1777 872 1837; x_wconf 90' lang='lat' dir='ltr'>Debemus</span> <span class='ocrx_word' id='word_1_131' title='bbox 896 1788 1009 1854; x_wconf 89' lang='lat' dir='ltr'>patrem</span> <span class='ocrx_word' id='word_1_132' title='bbox 1031 1777 1156 1838; x_wconf 82' lang='lat' dir='ltr'>familias</span> 
     </span>
     <span class='ocr_line' id='line_1_17' title="bbox 213 1875 1154 1954; baseline -0.004 -14"><span class='ocrx_word' id='word_1_133' title='bbox 213 1877 293 1940; x_wconf 88' lang='lat' dir='ltr'>domi</span> <span class='ocrx_word' id='word_1_134' title='bbox 308 1897 378 1940; x_wconf 89' lang='lat' dir='ltr'>suae</span> <span class='ocrx_word' id='word_1_135' title='bbox 391 1879 524 1942; x_wconf 89' lang='lat' dir='ltr'>occidere</span> <span class='ocrx_word' id='word_1_136' title='bbox 539 1878 623 1948; x_wconf 94' lang='lat' dir='ltr'>nolle,</span> <span class='ocrx_word' id='word_1_137' title='bbox 640 1894 735 1954; x_wconf 92' lang='lat' dir='ltr'>neque</span> <span class='ocrx_word' id='word_1_138' title='bbox 748 1885 846 1934; x_wconf 88' lang='lat' dir='ltr'>tamen</span> <span class='ocrx_word' id='word_1_139' title='bbox 859 1876 890 1934; x_wconf 93' lang='lat' dir='ltr'>id</span> <span class='ocrx_word' id='word_1_140' title='bbox 903 1875 1001 1953; x_wconf 93' lang='lat' dir='ltr'>ipsum</span> <span class='ocrx_word' id='word_1_141' title='bbox 1018 1877 1154 1950; x_wconf 81' lang='lat' dir='ltr'>abunde3</span> 
     </span>
     <span class='ocr_line' id='line_1_18' title="bbox 212 1974 1156 2049; baseline -0.001 -15"><span class='ocrx_word' id='word_1_142' title='bbox 212 1995 282 2035; x_wconf 90' lang='lat' dir='ltr'>nam</span> <span class='ocrx_word' id='word_1_143' title='bbox 296 1977 479 2038; x_wconf 88' lang='lat' dir='ltr'>absolverunt</span> <span class='ocrx_word' id='word_1_144' title='bbox 489 1995 567 2049; x_wconf 80' lang='lat' dir='ltr'>xxm,</span> <span class='ocrx_word' id='word_1_145' title='bbox 579 1975 811 2035; x_wconf 90' lang='lat' dir='ltr'>condemnamnt</span> <span class='ocrx_word' id='word_1_146' title='bbox 822 1993 919 2034; x_wconf 85' lang='lat' dir='ltr'>xxvm.</span> <span class='ocrx_word' id='word_1_147' title='bbox 951 1974 1070 2035; x_wconf 90' lang='lat' dir='ltr'>Publius</span> <span class='ocrx_word' id='word_1_148' title='bbox 1085 1994 1156 2036; x_wconf 86' lang='lat' dir='ltr'>sane</span> 
     </span>
     <span class='ocr_line' id='line_1_19' title="bbox 212 2072 1154 2152; baseline -0.004 -18"><span class='ocrx_word' id='word_1_149' title='bbox 212 2074 320 2135; x_wconf 91' lang='lat' dir='ltr'>diserto</span> <span class='ocrx_word' id='word_1_150' title='bbox 341 2075 458 2152; x_wconf 88' lang='lat' dir='ltr'>epilogo</span> <span class='ocrx_word' id='word_1_151' title='bbox 483 2075 639 2134; x_wconf 88' lang='lat' dir='ltr'>criminans</span> <span class='ocrx_word' id='word_1_152' title='bbox 663 2083 777 2133; x_wconf 92' lang='lat' dir='ltr'>mentes</span> <span class='ocrx_word' id='word_1_153' title='bbox 799 2072 927 2132; x_wconf 90' lang='lat' dir='ltr'>iudicum</span> <span class='ocrx_word' id='word_1_154' title='bbox 948 2082 1154 2132; x_wconf 90' lang='lat' dir='ltr'>commoverat.</span> 
     </span>
     <span class='ocr_line' id='line_1_20' title="bbox 213 2170 1157 2243; baseline -0.002 -11"><span class='ocrx_word' id='word_1_155' title='bbox 213 2173 354 2233; x_wconf 89' lang='lat' dir='ltr'>Hortalus</span> <span class='ocrx_word' id='word_1_156' title='bbox 367 2174 398 2231; x_wconf 90' lang='lat' dir='ltr'>in</span> <span class='ocrx_word' id='word_1_157' title='bbox 412 2191 447 2232; x_wconf 90' lang='lat' dir='ltr'>ea</span> <span class='ocrx_word' id='word_1_158' title='bbox 460 2191 548 2231; x_wconf 91' lang='lat' dir='ltr'>causa</span> <span class='ocrx_word' id='word_1_159' title='bbox 561 2173 622 2243; x_wconf 88' lang='lat' dir='ltr'>fuit,</span> <span class='ocrx_word' id='word_1_160' title='bbox 637 2174 718 2231; x_wconf 87' lang='lat' dir='ltr'>cuius</span> <span class='ocrx_word' id='word_1_161' title='bbox 738 2172 819 2230; x_wconf 91' lang='lat' dir='ltr'>modi</span> <span class='ocrx_word' id='word_1_162' title='bbox 833 2173 915 2231; x_wconf 90' lang='lat' dir='ltr'>solet.</span> <span class='ocrx_word' id='word_1_163' title='bbox 956 2170 1022 2230; x_wconf 95' lang='lat' dir='ltr'>Nos</span> <span class='ocrx_word' id='word_1_164' title='bbox 1035 2174 1157 2231; x_wconf 88' lang='lat' dir='ltr'>verbum</span> 
     </span>
     <span class='ocr_line' id='line_1_21' title="bbox 213 2270 1157 2348; baseline -0.003 -18"><span class='ocrx_word' id='word_1_165' title='bbox 213 2272 333 2332; x_wconf 91' lang='lat' dir='ltr'>nullum.</span> <span class='ocrx_word' id='word_1_166' title='bbox 378 2271 479 2330; x_wconf 86' lang='lat' dir='ltr'>Verita</span> <span class='ocrx_word' id='word_1_167' title='bbox 499 2279 543 2329; x_wconf 89' lang='lat' dir='ltr'>est</span> <span class='ocrx_word' id='word_1_168' title='bbox 563 2271 641 2329; x_wconf 90' lang='lat' dir='ltr'>enim</span> <span class='ocrx_word' id='word_1_169' title='bbox 662 2270 774 2348; x_wconf 91' lang='lat' dir='ltr'>pusilla,</span> <span class='ocrx_word' id='word_1_170' title='bbox 788 2289 864 2347; x_wconf 89' lang='lat' dir='ltr'>quae</span> <span class='ocrx_word' id='word_1_171' title='bbox 885 2289 964 2330; x_wconf 89' lang='lat' dir='ltr'>nunc</span> <span class='ocrx_word' id='word_1_172' title='bbox 984 2271 1105 2342; x_wconf 91' lang='lat' dir='ltr'>laborat,</span> <span class='ocrx_word' id='word_1_173' title='bbox 1121 2289 1157 2328; x_wconf 93' lang='lat' dir='ltr'>ne</span> 
     </span>
     <span class='ocr_line' id='line_1_22' title="bbox 214 2368 1157 2442; baseline -0.002 -13"><span class='ocrx_word' id='word_1_174' title='bbox 214 2372 343 2430; x_wconf 91' lang='lat' dir='ltr'>animum</span> <span class='ocrx_word' id='word_1_175' title='bbox 364 2369 459 2428; x_wconf 92' lang='lat' dir='ltr'>Publii</span> <span class='ocrx_word' id='word_1_176' title='bbox 479 2368 667 2427; x_wconf 88' lang='lat' dir='ltr'>offenderem.</span> <span class='ocrx_word' id='word_1_177' title='bbox 711 2383 737 2442; x_wconf 90' lang='lat'>5.</span> <span class='ocrx_word' id='word_1_178' title='bbox 759 2368 817 2428; x_wconf 95' lang='lat' dir='ltr'>His</span> <span class='ocrx_word' id='word_1_179' title='bbox 837 2371 923 2428; x_wconf 90' lang='lat' dir='ltr'>rebus</span> <span class='ocrx_word' id='word_1_180' title='bbox 947 2369 1019 2428; x_wconf 90' lang='lat' dir='ltr'>actis</span> <span class='ocrx_word' id='word_1_181' title='bbox 1041 2368 1157 2427; x_wconf 89' lang='lat' dir='ltr'>Reatini</span> 
     </span>
     <span class='ocr_line' id='line_1_23' title="bbox 214 2467 1156 2542; baseline -0.002 -15"><span class='ocrx_word' id='word_1_182' title='bbox 214 2488 262 2527; x_wconf 90' lang='lat' dir='ltr'>me</span> <span class='ocrx_word' id='word_1_183' title='bbox 279 2469 317 2527; x_wconf 92' lang='lat' dir='ltr'>ad</span> <span class='ocrx_word' id='word_1_184' title='bbox 338 2487 390 2527; x_wconf 90' lang='lat' dir='ltr'>sua</span> <span class='ocrx_word' id='word_1_185' title='bbox 403 2469 488 2539; x_wconf 78' lang='grc' dir='ltr'>Τέμπη</span> <span class='ocrx_word' id='word_1_186' title='bbox 503 2467 654 2537; x_wconf 86' lang='lat' dir='ltr'>duxerunt,</span> <span class='ocrx_word' id='word_1_187' title='bbox 669 2475 701 2524; x_wconf 90' lang='lat' dir='ltr'>ut</span> <span class='ocrx_word' id='word_1_188' title='bbox 714 2485 831 2542; x_wconf 86' lang='lat' dir='ltr'>agerem</span> <span class='ocrx_word' id='word_1_189' title='bbox 853 2485 971 2526; x_wconf 89' lang='lat' dir='ltr'>causam</span> <span class='ocrx_word' id='word_1_190' title='bbox 992 2477 1096 2527; x_wconf 90' lang='lat' dir='ltr'>contra</span> <span class='ocrx_word' id='word_1_191' title='bbox 1110 2467 1156 2525; x_wconf 92' lang='lat' dir='ltr'>ln-</span> 
     </span>
     <span class='ocr_line' id='line_1_24' title="bbox 215 2565 1158 2642; baseline -0.001 -17"><span class='ocrx_word' id='word_1_192' title='bbox 215 2575 389 2625; x_wconf 89' lang='lat' dir='ltr'>teramnates</span> <span class='ocrx_word' id='word_1_193' title='bbox 409 2565 488 2641; x_wconf 91' lang='lat' dir='ltr'>apud</span> <span class='ocrx_word' id='word_1_194' title='bbox 507 2566 657 2624; x_wconf 92' lang='lat' dir='ltr'>consulem</span> <span class='ocrx_word' id='word_1_195' title='bbox 678 2575 707 2624; x_wconf 88' lang='lat' dir='ltr'>et</span> <span class='ocrx_word' id='word_1_196' title='bbox 726 2565 828 2624; x_wconf 89' lang='lat' dir='ltr'>decem</span> <span class='ocrx_word' id='word_1_197' title='bbox 841 2566 962 2642; x_wconf 86' lang='lat' dir='ltr'>legatos,</span> <span class='ocrx_word' id='word_1_198' title='bbox 977 2565 1059 2642; x_wconf 88' lang='lat' dir='ltr'>quod</span> <span class='ocrx_word' id='word_1_199' title='bbox 1078 2565 1158 2625; x_wconf 88' lang='lat' dir='ltr'>lacus</span> 
     </span>
     <span class='ocr_line' id='line_1_25' title="bbox 216 2663 1159 2736; baseline 0.002 -14"><span class='ocrx_word' id='word_1_200' title='bbox 216 2665 346 2736; x_wconf 82' lang='lat' dir='ltr'>Velinus,</span> <span class='ocrx_word' id='word_1_201' title='bbox 370 2683 387 2723; x_wconf 90' lang='lat' dir='ltr'>a</span> <span class='ocrx_word' id='word_1_202' title='bbox 408 2663 458 2723; x_wconf 82' lang='grc' dir='ltr'>Μ’.</span> <span class='ocrx_word' id='word_1_203' title='bbox 483 2664 572 2723; x_wconf 90' lang='lat' dir='ltr'>Curio</span> <span class='ocrx_word' id='word_1_204' title='bbox 597 2665 730 2736; x_wconf 87' lang='lat' dir='ltr'>emissus,</span> <span class='ocrx_word' id='word_1_205' title='bbox 750 2665 885 2724; x_wconf 90' lang='lat' dir='ltr'>interciso</span> <span class='ocrx_word' id='word_1_206' title='bbox 908 2674 1018 2736; x_wconf 91' lang='lat' dir='ltr'>monte,</span> <span class='ocrx_word' id='word_1_207' title='bbox 1042 2666 1073 2722; x_wconf 92' lang='lat' dir='ltr'>in</span> <span class='ocrx_word' id='word_1_208' title='bbox 1096 2665 1159 2724; x_wconf 88' lang='lat' dir='ltr'>Nar</span> 
     </span>
     <span class='ocr_line' id='line_1_26' title="bbox 127 2751 1159 2838; baseline -0.003 -13"><span class='ocrx_word' id='word_1_209' title='bbox 127 2751 128 2756; x_wconf 8' lang='grc' dir='ltr'>ἵ</span> <span class='ocrx_word' id='word_1_210' title='bbox 216 2761 331 2834; x_wconf 86' lang='lat' dir='ltr'>defluit3</span> <span class='ocrx_word' id='word_1_211' title='bbox 354 2780 390 2820; x_wconf 88' lang='lat' dir='ltr'>ex</span> <span class='ocrx_word' id='word_1_212' title='bbox 404 2779 463 2838; x_wconf 90' lang='lat' dir='ltr'>quo</span> <span class='ocrx_word' id='word_1_213' title='bbox 485 2773 529 2821; x_wconf 91' lang='lat' dir='ltr'>est</span> <span class='ocrx_word' id='word_1_214' title='bbox 545 2762 592 2820; x_wconf 94' lang='lat' dir='ltr'>illa</span> <span class='ocrx_word' id='word_1_215' title='bbox 614 2763 720 2822; x_wconf 90' lang='lat' dir='ltr'>siccata</span> <span class='ocrx_word' id='word_1_216' title='bbox 740 2771 769 2821; x_wconf 92' lang='lat' dir='ltr'>et</span> <span class='ocrx_word' id='word_1_217' title='bbox 782 2762 903 2820; x_wconf 87' lang='lat' dir='ltr'>humida</span> <span class='ocrx_word' id='word_1_218' title='bbox 923 2774 1022 2821; x_wconf 91' lang='lat' dir='ltr'>tamen</span> <span class='ocrx_word' id='word_1_219' title='bbox 1041 2764 1159 2823; x_wconf 91' lang='lat' dir='ltr'>modice</span> 
     </span>
     <span class='ocr_line' id='line_1_27' title="bbox 217 2859 1159 2938; baseline -0.001 -19"><span class='ocrx_word' id='word_1_220' title='bbox 217 2860 316 2920; x_wconf 90' lang='lat' dir='ltr'>Rosia.</span> <span class='ocrx_word' id='word_1_221' title='bbox 359 2859 428 2917; x_wconf 86' lang='lat' dir='ltr'>Vixi</span> <span class='ocrx_word' id='word_1_222' title='bbox 449 2878 516 2919; x_wconf 88' lang='lat' dir='ltr'>curn</span> <span class='ocrx_word' id='word_1_223' title='bbox 529 2859 615 2931; x_wconf 81' lang='lat' dir='ltr'>Axio,</span> <span class='ocrx_word' id='word_1_224' title='bbox 630 2861 679 2936; x_wconf 92' lang='lat' dir='ltr'>qui</span> <span class='ocrx_word' id='word_1_225' title='bbox 698 2860 784 2919; x_wconf 88' lang='lat' dir='ltr'>etiam</span> <span class='ocrx_word' id='word_1_226' title='bbox 805 2879 853 2919; x_wconf 92' lang='lat' dir='ltr'>me</span> <span class='ocrx_word' id='word_1_227' title='bbox 875 2862 912 2920; x_wconf 90' lang='lat' dir='ltr'>ad</span> <span class='ocrx_word' id='word_1_228' title='bbox 928 2861 1047 2938; x_wconf 90' lang='lat' dir='ltr'>Septem</span> <span class='ocrx_word' id='word_1_229' title='bbox 1068 2879 1159 2938; x_wconf 89' lang='lat' dir='ltr'>aquas</span> 
     </span>
     <span class='ocr_line' id='line_1_28' title="bbox 217 2956 1159 3018; baseline 0 0"><span class='ocrx_word' id='word_1_230' title='bbox 217 2959 307 3018; x_wconf 83' lang='lat' dir='ltr'>duxit.</span> <span class='ocrx_word' id='word_1_231' title='bbox 350 2959 376 3016; x_wconf 90' lang='lat'>6.</span> <span class='ocrx_word' id='word_1_232' title='bbox 399 2956 485 3016; x_wconf 91' lang='lat' dir='ltr'>Redii</span> <span class='ocrx_word' id='word_1_233' title='bbox 509 2957 638 3016; x_wconf 90' lang='lat' dir='ltr'>Romam</span> <span class='ocrx_word' id='word_1_234' title='bbox 662 2957 777 3016; x_wconf 89' lang='lat' dir='ltr'>Fonteii</span> <span class='ocrx_word' id='word_1_235' title='bbox 804 2975 893 3017; x_wconf 91' lang='lat' dir='ltr'>causa</span> <span class='ocrx_word' id='word_1_236' title='bbox 920 2977 945 3016; x_wconf 97' lang='lat' dir='ltr'>a.</span> <span class='ocrx_word' id='word_1_237' title='bbox 961 2959 989 3018; x_wconf 94' lang='lat' dir='ltr'>d.</span> <span class='ocrx_word' id='word_1_238' title='bbox 1012 2977 1062 3016; x_wconf 84' lang='lat' dir='ltr'>vn.</span> <span class='ocrx_word' id='word_1_239' title='bbox 1088 2957 1159 3018; x_wconf 89' lang='lat' dir='ltr'>Idus</span> 
     </span>
     <span class='ocr_line' id='line_1_29' title="bbox 219 3054 1160 3133; baseline 0 -19"><span class='ocrx_word' id='word_1_240' title='bbox 219 3057 337 3130; x_wconf 89' lang='lat' dir='ltr'>Quinct.</span> <span class='ocrx_word' id='word_1_241' title='bbox 377 3054 454 3113; x_wconf 83' lang='lat' dir='ltr'>Veni</span> <span class='ocrx_word' id='word_1_242' title='bbox 467 3055 497 3112; x_wconf 92' lang='lat' dir='ltr'>in</span> <span class='ocrx_word' id='word_1_243' title='bbox 512 3056 718 3130; x_wconf 90' lang='lat' dir='ltr'>spectaculum,</span> <span class='ocrx_word' id='word_1_244' title='bbox 732 3056 858 3132; x_wconf 88' lang='lat' dir='ltr'>primum</span> <span class='ocrx_word' id='word_1_245' title='bbox 877 3074 986 3132; x_wconf 89' lang='lat' dir='ltr'>magno</span> <span class='ocrx_word' id='word_1_246' title='bbox 1006 3066 1035 3116; x_wconf 91' lang='lat' dir='ltr'>et</span> <span class='ocrx_word' id='word_1_247' title='bbox 1052 3075 1160 3133; x_wconf 89' lang='lat' dir='ltr'>aequa-</span> 
     </span>
     <span class='ocr_line' id='line_1_30' title="bbox 217 3152 1160 3233; baseline -0.001 -19"><span class='ocrx_word' id='word_1_248' title='bbox 217 3155 267 3215; x_wconf 94' lang='lat' dir='ltr'>bili</span> <span class='ocrx_word' id='word_1_249' title='bbox 301 3152 497 3231; x_wconf 89' lang='lat' dir='ltr'>plausu—sed</span> <span class='ocrx_word' id='word_1_250' title='bbox 531 3152 588 3212; x_wconf 93' lang='lat' dir='ltr'>hoc</span> <span class='ocrx_word' id='word_1_251' title='bbox 623 3171 661 3212; x_wconf 88' lang='lat' dir='ltr'>ne</span> <span class='ocrx_word' id='word_1_252' title='bbox 695 3154 803 3213; x_wconf 87' lang='lat' dir='ltr'>curaris</span> <span class='ocrx_word' id='word_1_253' title='bbox 815 3173 823 3225; x_wconf 91' lang='lat'>;</span> <span class='ocrx_word' id='word_1_254' title='bbox 860 3173 918 3231; x_wconf 91' lang='lat' dir='ltr'>ego</span> <span class='ocrx_word' id='word_1_255' title='bbox 951 3155 1076 3231; x_wconf 88' lang='lat' dir='ltr'>ineptus,</span> <span class='ocrx_word' id='word_1_256' title='bbox 1110 3159 1160 3233; x_wconf 91' lang='lat' dir='ltr'>qui</span> 
     </span>
     <span class='ocr_line' id='line_1_31' title="bbox 218 3252 1161 3330; baseline -0.002 -16"><span class='ocrx_word' id='word_1_257' title='bbox 218 3254 423 3330; x_wconf 85' lang='lat' dir='ltr'>scripserim-</span> <span class='ocrx_word' id='word_1_258' title='bbox 430 3272 439 3327; x_wconf 90' lang='lat'>;</span> <span class='ocrx_word' id='word_1_259' title='bbox 469 3252 574 3312; x_wconf 88' lang='lat' dir='ltr'>deinde</span> <span class='ocrx_word' id='word_1_260' title='bbox 594 3252 768 3329; x_wconf 90' lang='lat' dir='ltr'>Antiphonti</span> <span class='ocrx_word' id='word_1_261' title='bbox 795 3271 932 3330; x_wconf 91' lang='lat' dir='ltr'>operam:</span> <span class='ocrx_word' id='word_1_262' title='bbox 962 3252 987 3311; x_wconf 91' lang='lat' dir='ltr'>is</span> <span class='ocrx_word' id='word_1_263' title='bbox 1008 3262 1069 3310; x_wconf 88' lang='lat' dir='ltr'>erat</span> <span class='ocrx_word' id='word_1_264' title='bbox 1094 3265 1161 3313; x_wconf 90' lang='lat' dir='ltr'>ante</span> 
     </span>
     <span class='ocr_line' id='line_1_32' title="bbox 219 3346 1159 3426; baseline -0.002 -16"><span class='ocrx_word' id='word_1_265' title='bbox 219 3351 414 3410; x_wconf 90' lang='lat' dir='ltr'>manumissus</span> <span class='ocrx_word' id='word_1_266' title='bbox 435 3367 524 3424; x_wconf 92' lang='lat' dir='ltr'>quam</span> <span class='ocrx_word' id='word_1_267' title='bbox 544 3348 711 3422; x_wconf 89' lang='lat' dir='ltr'>productus.</span> <span class='ocrx_word' id='word_1_268' title='bbox 753 3346 799 3406; x_wconf 93' lang='lat' dir='ltr'>Ne</span> <span class='ocrx_word' id='word_1_269' title='bbox 821 3348 927 3406; x_wconf 90' lang='lat' dir='ltr'>diutius</span> <span class='ocrx_word' id='word_1_270' title='bbox 945 3347 1084 3423; x_wconf 76' lang='lat' dir='ltr'>pendeaS,</span> <span class='ocrx_word' id='word_1_271' title='bbox 1098 3349 1159 3426; x_wconf 86' lang='lat' dir='ltr'>pal·</span> 
     </span>
     <span class='ocr_line' id='line_1_33' title="bbox 219 3445 1160 3542; baseline 0.002 -36"><span class='ocrx_word' id='word_1_272' title='bbox 219 3467 299 3524; x_wconf 78' lang='lat' dir='ltr'>pram</span> <span class='ocrx_word' id='word_1_273' title='bbox 320 3447 398 3520; x_wconf 80' lang='lat' dir='ltr'>tulit;</span> <span class='ocrx_word' id='word_1_274' title='bbox 420 3447 472 3506; x_wconf 89' lang='lat' dir='ltr'>sed</span> <span class='ocrx_word' id='word_1_275' title='bbox 492 3445 563 3506; x_wconf 88' lang='lat' dir='ltr'>nihil</span> <span class='ocrx_word' id='word_1_276' title='bbox 583 3453 643 3504; x_wconf 88' lang='lat' dir='ltr'>tam</span> <span class='ocrx_word' id='word_1_277' title='bbox 664 3445 808 3523; x_wconf 90' lang='lat' dir='ltr'>pusillum,</span> <span class='ocrx_word' id='word_1_278' title='bbox 822 3445 893 3542; x_wconf 81' lang='lat' dir='ltr'>nihil</span> <span class='ocrx_word' id='word_1_279' title='bbox 914 3453 974 3506; x_wconf 86' lang='lat' dir='ltr'>tam</span> <span class='ocrx_word' id='word_1_280' title='bbox 995 3446 1058 3507; x_wconf 89' lang='lat' dir='ltr'>sine</span> <span class='ocrx_word' id='word_1_281' title='bbox 1079 3465 1160 3520; x_wconf 86' lang='lat' dir='ltr'>voce,</span> 
     </span>
    </p>
   </div>
   <div class='ocr_carea' id='block_1_3' title="bbox 0 0 1244 3842">
    <p class='ocr_par' dir='ltr' id='par_1_3' title="bbox 0 0 1244 3842">
     <span class='ocr_line' id='line_1_34' title="bbox 0 0 1244 3842; baseline 0 0"><span class='ocrx_word' id='word_1_282' title='bbox 0 0 1244 3842; x_wconf 95' lang='lat' dir='ltr'> </span> 
     </span>
    </p>
   </div>
  </div>
 </body>
</html>
