2452 3842
78 248 177 330 spos]
265 260 378 307 rerer.
401 260 451 306 Ar>
472 221 695 308 rmurrmnss
718 261 766 306 ιν.
789 260 819 328 5.
953 261 1017 323 209

76 418 199 484 possunt,
222 409 263 466 uti
290 410 384 485 magis
412 409 468 485 ipsi
489 409 640 468 videantur
667 409 789 466 aliorum
814 408 1016 467 consolatione

75 506 197 582 indigere
212 524 301 582 quam
316 507 377 564 aliis
391 525 479 582 posse
499 525 584 565 suum
605 506 733 565 officium
747 517 901 582 praestare,
917 516 1016 564 tamen

74 623 144 680 quae
169 605 200 662 in
225 606 389 681 praesentia
417 607 447 663 in
474 617 604 664 mentem
632 606 703 663 mihi
727 615 874 675 venerunt,
902 604 1016 662 decrevi

74 704 148 762 brevi
165 705 202 762 ad
222 713 249 762 te
264 705 450 779 perscribere,
466 723 528 762 non
545 722 604 781 quo
626 723 661 762 ea
680 714 708 762 te
723 704 821 780 fugere
843 703 1015 771 existimem,

75 800 123 858 sed
142 800 222 876 quod
238 799 359 860 forsitan
381 801 480 859 dolore
501 802 657 878 impeditus
678 802 775 859 minus
796 820 832 859 ea
848 800 1015 876 perspicias

76 919 101 956 2.
121 898 199 970 Quid
218 909 262 957 est
278 900 360 974 quod
381 909 463 958 tanto
482 917 571 976 opere
592 908 620 957 te
642 910 826 958 commoveat
846 909 912 957 tuus
933 898 1017 956 dolor

73 997 238 1055 intestinus?
260 998 365 1074 cogita,
380 1017 469 1073 quem
483 999 521 1056 ad
535 998 657 1056 modum
677 998 772 1056 adhuc
786 996 902 1055 fortuna
916 997 1015 1054 nobis-

73 1113 138 1152 cum
158 1096 266 1171 egerit:
288 1115 323 1154 ea
344 1098 429 1155 nobis
454 1109 553 1174 erepta
574 1115 647 1166 esse,
669 1115 744 1172 quae
765 1096 932 1153 hominibus
954 1111 1016 1152 non

72 1192 165 1250 minus
179 1211 268 1270 quam
283 1195 363 1252 liberi
377 1213 444 1253 cara
465 1213 529 1253 esse
544 1194 660 1265 debent,
675 1195 806 1270 patriam,
822 1194 1015 1262 honestatem,

72 1292 247 1366 dignitatem,
271 1293 398 1352 honores
423 1311 537 1352 omnes.
580 1293 650 1352 Hoc
671 1311 731 1351 uno
752 1291 942 1351 incommodo
964 1290 1015 1347 ad·

71 1389 131 1446 dito
145 1391 215 1466 quid
234 1391 272 1450 ad
291 1392 421 1450 dolorem
442 1392 561 1468 adiungi
575 1392 690 1468 potuit?
712 1401 761 1449 aut
775 1391 825 1468 qui
839 1407 901 1448 non
915 1390 946 1446 in
962 1387 1016 1445 illis

70 1488 155 1547 rebus
176 1490 348 1548 exercitatus
365 1493 480 1550 animus
502 1491 603 1550 callere
623 1492 681 1548 iam
703 1490 789 1549 debet
808 1500 895 1564 atque
916 1487 1017 1546 omnia

68 1586 187 1645 minoris
212 1589 396 1647 existimare?
440 1609 467 1664 3.
497 1590 546 1647 An
571 1589 644 1648 illius
669 1590 771 1659 vicem,
794 1588 891 1659 credo,
914 1586 1015 1644 doles?

67 1685 202 1759 quotiens
224 1685 254 1743 in
275 1705 341 1744 eam
363 1688 571 1763 cogitationem
594 1706 715 1746 necesse
737 1697 781 1745 est
801 1696 830 1745 et
851 1696 883 1744 tu
903 1685 1016 1742 veneris

66 1793 96 1840 et
117 1799 171 1840 nos
196 1801 284 1860 saepe
308 1786 472 1856 incidimus,
495 1786 575 1844 hisce
599 1787 778 1862 temporibus
804 1803 865 1842 non
890 1783 1016 1859 pessime

66 1898 136 1938 curn
151 1880 185 1938 iis
200 1899 264 1940 esse
279 1894 385 1953 actum,
397 1885 502 1959 quibus
518 1884 579 1941 sine
594 1883 696 1941 dolore
710 1883 818 1942 licitum
833 1890 877 1940 est
891 1889 1015 1939 mortem

65 1997 136 2037 cum
150 1981 207 2037 vita
228 1983 429 2040 commutare?
472 1981 552 2053 Quid
573 1994 670 2039 autem
692 1982 745 2039 suit
766 1981 845 2057 quod
866 1980 944 2038 illam
957 1979 1015 2036 hoc

64 2091 200 2154 ternpore
214 2078 251 2137 ad
264 2080 419 2138 vivendum
433 2099 542 2156 magno
561 2099 650 2157 opere
665 2081 782 2138 invitare
796 2080 914 2155 posset?
940 2095 1015 2152 quae

7 2225 16 2242 .
62 2181 132 2236 res?
158 2197 233 2254 quae
254 2180 342 2255 spes?
371 2181 449 2255 quod
471 2181 560 2237 animi
581 2180 740 2238 solacium?
766 2179 806 2237 Ut
827 2196 894 2237 curn
916 2177 1013 2253 aliquo

62 2276 251 2335 adulescente
269 2279 406 2352 primario
427 2280 584 2336 coniuncta
605 2288 729 2336 aetatem
750 2278 881 2354 gereret?
904 2277 1013 2333 licitum
1062 2335 1064 2340 ,

60 2386 108 2432 est
122 2375 184 2445 tibi,
199 2375 296 2446 credo,
308 2393 361 2450 pro
377 2386 426 2434 tua
440 2377 578 2451 dignitate
592 2395 629 2434 ex
642 2377 698 2435 hac
712 2378 859 2434 iuventute
872 2391 1013 2450 generum

58 2472 199 2548 deligere,
229 2473 310 2531 cuius
338 2473 406 2532 fidei
440 2475 546 2533 liberos
577 2485 644 2533 tuos
679 2485 707 2533 te
734 2485 798 2532 tuto
833 2473 1013 2531 committere

58 2575 198 2647 putares!
240 2573 290 2630 An
311 2583 343 2630 ut
367 2591 402 2631 ea
423 2573 529 2633 liberos
554 2592 591 2631 ex
616 2593 681 2633 sese
703 2583 824 2650 pareret,
846 2589 920 2649 quos
946 2589 1012 2629 cum

56 2671 202 2729 florentes
223 2672 332 2730 videret
352 2671 524 2730 laetaretur?
546 2673 597 2748 qui
618 2691 679 2730 rem
702 2691 719 2730 a
739 2681 858 2747 parente
880 2670 1012 2727 traditam

55 2786 114 2844 per
129 2785 162 2826 se
177 2779 276 2826 tenere
290 2771 431 2844 possent?
453 2768 581 2828 honores
596 2770 752 2828 ordinatim
766 2769 881 2846 petituri
896 2767 1012 2826 essent?

53 2869 89 2922 in
112 2885 147 2923 re
168 2867 292 2942 publica,
312 2867 342 2924 in
363 2869 525 2926 amicorum
546 2868 669 2943 negotiis
690 2868 820 2926 libertate
842 2885 895 2925 sua
914 2867 1012 2924 usuri?

51 2963 133 3039 quid
149 2962 254 3022 horum
269 2964 322 3022 fuit
336 2967 416 3040 quod
431 2983 493 3023 non
507 2966 585 3040 prius
600 2984 688 3041 quarn
708 2966 808 3024 datum
829 2977 873 3023 est
894 2966 1013 3040 ademp-

50 3073 122 3120 tum
139 3063 197 3119 sit?
240 3062 297 3120 ‘At
308 3081 377 3121 vero
392 3063 501 3121 malum
516 3074 560 3121 est
571 3063 677 3122 liberos
692 3063 839 3121 amittere?
882 3063 1011 3121 Malum:

47 3160 114 3218 nisi
131 3159 190 3218 hoc
204 3162 288 3237 peius
303 3172 356 3232 est,
371 3161 444 3219 haec
466 3161 583 3220 sufferre
605 3171 634 3219 et
648 3162 768 3238 perpeti.
812 3181 840 3232 4.
862 3160 946 3232 Quae
965 3181 1012 3220 res

45 3258 132 3318 mihi
158 3277 220 3317 non
248 3259 427 3318 mediocrem
455 3259 687 3318 consolationem
713 3260 844 3330 attulerit,
867 3261 934 3318 volo
959 3260 1011 3318 tibi

44 3375 303 3429 commemorare,
323 3359 347 3415 si
367 3356 442 3416 forte
463 3357 568 3415 eadem
589 3375 634 3415 res
656 3358 708 3415 tibi
729 3357 861 3416 dolorem
881 3358 1010 3415 minuere

42 3455 165 3533 possit.
208 3454 256 3514 Ex
284 3456 357 3514 Asia
391 3456 514 3522 rediens,
544 3473 612 3513 curn
647 3457 684 3517 ab
713 3457 827 3533 Aegina
858 3455 1011 3534 Megaram

527 3572 544 3612 r>
