2512 3844
199 213 238 263 M.
257 212 375 262 TULLII
389 215 577 262 CICERONIS
590 216 646 264 ΕΡ.
662 215 712 262 Ab
725 213 807 264 ATT.
824 215 898 262 XIV.
917 217 946 265 2·
988 213 1047 261 221

98 382 321 450 spectaremque
343 373 456 445 sedens,
479 373 578 450 quoad
598 392 725 442 vocarer,
747 373 855 432 dixisse
877 391 953 443 eum,
976 376 1049 446 ‘ego

99 470 232 528 dubitem
246 473 317 547 quin
332 489 448 530 summo
467 473 497 530 in
517 473 587 531 odio
607 473 671 544 sim,
686 489 755 530 cum
775 471 817 530 M.
833 470 937 530 Cicero
953 469 1051 529 sedeat

98 585 156 625 nec
179 586 232 626 suo
254 569 413 628 commodo
435 589 483 628 me
504 571 657 628 convenire
678 563 789 646 possit?
817 570 904 646 atqui,
927 569 951 627 si
972 569 1049 644 quis-

98 686 191 743 quam
205 678 248 726 est
262 668 361 739 facilis
375 669 423 728 hic
437 680 498 742 est;
521 679 620 727 tamen
634 687 694 728 non
711 669 811 728 dubito
827 670 897 744 quin
911 686 959 726 me
973 667 1048 726 male

98 765 212 824 oderit?
254 767 339 825 Haec
354 777 382 826 et
401 767 464 826 eius
484 768 564 826 modi
579 767 678 826 multa.
723 767 782 826 Sed
797 767 835 825 ad
849 766 1048 843 propositum:

97 865 240 940 quicquid
264 867 325 937 erit,
349 884 411 924 non
436 866 527 925 modo
555 885 704 943 magnum,
730 867 782 925 sed
805 867 890 924 etiam
918 883 1047 941 parvum,

97 965 227 1035 scribes3
250 964 386 1040 equidem
400 965 471 1022 nihil
485 965 679 1024 intermittam.

308 1127 372 1180 ms.
417 1121 474 1179 AD
495 1121 691 1182 arricum
713 1121 795 1181 xiv.
821 1143 848 1184 2.
880 1091 882 1096 ’

164 1235 229 1296 Son.
252 1257 282 1296 ru
303 1255 474 1296 susuussnno
495 1235 592 1296 Maru
614 1257 640 1296 n.
656 1259 683 1296 o.
707 1257 745 1296 vr.
768 1237 838 1297 Inus
859 1239 984 1296 Asamus

486 1355 567 1395 nuc.
593 1349 660 1410 710.

393 1468 496 1509 CICERO
517 1469 624 1510 ATTICO
645 1471 705 1510 SAL.
727 1471 755 1510 1).

145 1585 169 1622 1.
192 1564 275 1624 Duas
290 1574 350 1623 ate
365 1566 465 1642 accepi
479 1565 616 1640 epistolas
635 1566 715 1624 heri:
738 1585 774 1625 ex
793 1567 889 1644 priore
904 1566 1047 1626 theatrum

95 1663 314 1739 Publiliumque
336 1664 470 1739 cognovi,
486 1665 566 1722 bona
587 1665 671 1740 signa
693 1667 900 1724 consentientis
921 1667 1047 1726 multitu-

94 1761 192 1833 dinis;
223 1762 341 1838 plausus
362 1780 431 1821 vero
453 1761 486 1820 L.
502 1762 606 1821 Cassio
628 1763 712 1821 datus
734 1765 821 1822 etiam
846 1764 957 1824 facetus
978 1765 1048 1822 mihi

94 1860 220 1936 quidem
238 1861 315 1918 visus
334 1870 387 1919 est.
431 1879 457 1918 a.
479 1860 579 1919 Altera
593 1862 716 1937 epistola
736 1863 772 1920 de
792 1861 916 1921 Madaro
932 1864 1046 1938 scripta,

93 1958 179 2036 apud
200 1978 288 2035 quem
310 1959 421 2017 nullum
441 1961 611 2034 φαλάκρωμα,
632 1969 664 2018 ut
685 1970 770 2035 putas
780 1981 790 2030 ;,
809 1961 938 2036 processi
959 1963 1047 2034 enim,

94 2058 153 2118 sed
177 2059 273 2117 minus
298 2058 348 2117 diu
360 2079 369 2132 3
398 2058 460 2117 eius
485 2077 621 2118 sermone
646 2059 725 2116 enim
751 2077 816 2116 sum
840 2066 976 2117 retentus.
1019 2079 1046 2132 3.

94 2156 192 2228 Quod
213 2167 310 2215 autem
331 2157 369 2215 ad
391 2166 418 2214 te
441 2157 620 2233 scripseram,
636 2158 760 2215 obscure
782 2156 911 2226 fortasse,
933 2156 964 2214 id
985 2157 1046 2215 eius

93 2255 181 2315 modi
204 2264 266 2314 est:
292 2257 387 2314 aiebat
409 2254 566 2314 Caesarem
589 2273 698 2325 secum,
723 2272 783 2330 quo
805 2264 937 2331 tempore
961 2255 1046 2314 Sestii

92 2364 203 2430 rogatu
224 2355 289 2412 veni
310 2353 347 2412 ad
368 2372 444 2424 eum,
466 2371 534 2412 curn
552 2362 759 2430 exspectarem
783 2353 896 2424 sedens
919 2354 1043 2412 dixisse:

95 2461 175 2528 ‘ego
189 2470 266 2511 nunc
281 2461 340 2510 tam
356 2452 411 2510 sim
431 2452 540 2522 stultus,
556 2461 588 2509 ut
609 2451 687 2509 hunc
706 2451 802 2526 ipsum
821 2451 936 2510 facilem
950 2451 1044 2510 homi·

93 2567 167 2610 nem
184 2561 283 2625 putem
296 2550 367 2607 mihi
381 2567 444 2608 esse
459 2550 595 2619 amicum,
607 2567 674 2606 cum
688 2559 747 2607 tam
763 2549 813 2608 diu
826 2549 931 2607 sedens
946 2568 1044 2608 meum

93 2648 484 2724 commodtunexspecteti'
506 2648 608 2706 Habes
617 2648 703 2723 igitur
713 2649 873 2723 φαλάκρωμα
883 2650 1044 2710 inimicissi-

93 2765 182 2808 mum
196 2748 256 2817 otii,
268 2747 297 2805 id
312 2757 355 2806 est
369 2747 458 2805 Bruti.
494 2766 521 2820 4.
543 2747 580 2804 In
594 2745 796 2805 Tusculanum
810 2747 907 2818 hodie,
923 2745 1045 2808 Lanuvii

94 2865 173 2914 crae,
187 2845 254 2904 inde
268 2845 392 2906 Asturae
407 2846 579 2922 cogitabam.
623 2845 712 2902 Piliae
732 2855 864 2921 paratum
881 2856 925 2905 est
945 2847 1044 2924 hospi-

93 2947 182 3015 tium,
204 2943 256 3002 sed
276 2943 380 3003 vellem
401 2943 542 3016 Atticam3
564 2960 664 3002 verum
686 2942 736 3002 tibi
756 2943 879 3019 ignosco
890 2964 898 3018 ;
921 2963 1043 3022 quarum

92 3041 212 3116 utrique
226 3037 355 3098 salutem.
