2432 3844
106 715 214 808 M.
255 714 500 810 TULLII
551 711 939 812 CICERONIS

223 943 534 1018 EPISTOLAE
576 942 875 1017 secuerat.

452 1145 573 1210 PARS
603 1147 646 1211 ΙΙ.

305 1319 352 1374 20.
394 1314 453 1374 AD
473 1313 669 1374 ATTICUM
690 1312 744 1372 IV.
769 1333 793 1371 1.

137 1439 205 1498 Sca.
227 1437 335 1506 Rouns
356 1458 448 1499 numo
468 1457 562 1499 tmusu
584 1439 751 1498 Surrnusnr
772 1455 854 1498 auc.
876 1439 942 1512 697.

395 1573 497 1614 cremo
519 1573 625 1614 Arsrco
644 1574 706 1614 sac.

116 1697 141 1736 1.
168 1676 239 1736 Cou
260 1678 385 1753 primum
405 1676 535 1736 Romam
553 1679 625 1750 veni,
641 1679 749 1754 fuitque
769 1679 815 1736 cui
833 1687 911 1736 recte
931 1676 968 1735 ad
991 1686 1020 1734 te

71 1778 181 1836 litteras
196 1776 304 1848 darem,
319 1777 389 1834 nihil
403 1778 483 1853 prius
498 1776 664 1836 faciendum
677 1778 748 1836 mihi
762 1777 867 1854 putavi,
883 1794 971 1852 quam
989 1787 1021 1834 ut

73 1876 127 1934 tibi
142 1874 254 1933 absenti
271 1875 306 1933 de
317 1875 410 1934 reditu
424 1885 525 1934 nostro
536 1876 708 1950 gratularer;
729 1893 890 1950 cognoram
902 1875 1020 1932 enim-

76 1984 111 2031 ut
124 1990 190 2042 vere
204 1973 397 2031 scribam-te
411 1973 441 2029 in
455 1973 583 2032 consiliis
597 1974 668 2031 mihi
682 1973 784 2032 dandis
799 1991 854 2031 nec
873 1972 1020 2030 fortiorem

75 2089 131 2130 nec
155 2070 372 2146 prudentiorem
395 2090 483 2147 quam
506 2089 554 2128 me
582 2072 686 2146 ipsum,
709 2090 757 2129 me
785 2073 874 2130 etiam
901 2080 1021 2145 propter

76 2187 174 2228 meam
187 2169 217 2225 In
231 2177 259 2226 te
273 2169 485 2227 observantiam
500 2169 622 2227 nimium
636 2171 666 2227 in
681 2169 812 2229 custodia
826 2168 925 2226 salutis
936 2184 1020 2224 meae

82 2269 254 2344 diligentem,
275 2266 460 2343 eundemque
479 2276 517 2337 te,
527 2268 581 2342 qui
600 2268 700 2342 primis
720 2266 898 2342 temporibus
918 2264 1021 2322 erroris

83 2367 171 2426 nostri
190 2374 238 2422 aut
257 2365 353 2440 potius
372 2364 478 2422 furoris
495 2365 639 2441 particeps
661 2374 689 2422 et
709 2364 773 2423 falsi
794 2363 905 2421 timoris
926 2361 1022 2419 socius

84 2465 190 2534 fuisses
201 2463 384 2520 acerbissime
396 2462 548 2522 discidium
558 2473 691 2521 nostrum
702 2462 800 2520 tulisse
809 2461 1022 2537 plurimumque

86 2579 196 2638 operae,
208 2561 302 2631 studii,
312 2559 485 2636 diligentiae,
497 2560 603 2619 laboris
618 2560 656 2618 ad
670 2559 885 2619 conficiendum
899 2557 1022 2617 reditum

87 2677 179 2718 meum
193 2658 366 2716 contulisse:
385 2677 411 2717 2.
425 2659 521 2734 itaque
535 2658 592 2717 hoc
606 2659 657 2716 tibi
671 2677 736 2717 vere
751 2658 881 2729 adfirm0,
897 2657 927 2713 in
941 2673 1022 2714 max-

88 2759 145 2815 ima
161 2755 264 2812 laetitia
282 2764 311 2813 et
330 2755 548 2831 exoptatiSSIma
561 2756 752 2831 gratulatione
766 2773 857 2812 unum
871 2754 908 2812 ad
923 2772 1024 2812 cumu-

90 2853 201 2913 landum
219 2853 358 2928 gaudium
372 2862 565 2929 conspectum
578 2864 627 2912 aut
641 2855 738 2929 potius
752 2853 939 2928 complexum
952 2850 1023 2908 mihi

90 2963 166 3010 tuum
184 2948 327 3023 defuisse;
349 2969 437 3026 quem
456 2952 546 3009 semel
565 2961 667 3010 nactus
687 2953 709 3010 si
723 2969 864 3027 umquam
878 2949 1024 3019 dimiser0,

93 3069 124 3109 ac
141 3049 191 3106 nisi
210 3049 297 3107 etiam
318 3050 537 3125 praetermissos
559 3049 667 3110 fructus
687 3060 754 3109 tuae
776 3049 921 3108 suavitatis
941 3065 1024 3124 prae-

93 3148 159 3206 teriti
178 3148 314 3225 temporis
336 3165 441 3206 omnes
463 3166 597 3223 exegero
616 3147 747 3224 profecto
769 3147 824 3207 hac
845 3147 1024 3205 restitutione

95 3245 213 3304 [ortunae
238 3264 286 3304 me
304 3246 374 3322 .ipse
399 3264 460 3304 non
484 3247 554 3304 satis
577 3247 697 3321 dignum
721 3245 865 3304 iudicabo.
911 3264 936 3320 3.
960 3242 1024 3302 Nos

96 3341 179 3401 adhuc
196 3344 226 3400 in
245 3353 344 3402 nostro
364 3353 450 3413 statu,
467 3344 548 3420 quod
568 3344 731 3402 difficillime
752 3343 916 3418 recuperari
936 3358 1024 3416 posse

98 3442 208 3500 arbitrati
224 3459 333 3514 sumus,
349 3443 534 3518 splendorem
547 3452 680 3516 nostrum
694 3441 774 3500 illum
788 3441 934 3500 sorensem
948 3447 976 3496 et
994 3437 1024 3496 in
