2452 3842
61 229 102 290 sp.
112 242 156 292 90,
166 216 222 300 qn]
257 229 370 279 nrrsr.
393 230 443 278 an
463 193 688 280 FAMILIARES
713 232 758 281 νι.
782 217 812 280 6.
945 229 1006 302 195

59 394 152 436 unum
176 379 318 439 solacium
344 381 374 439 in
400 380 494 441 malis.
537 381 596 441 Sed
620 391 727 454 tamen,
753 382 891 461 quoniam
916 381 1005 458 effugi

59 474 120 534 eius
142 477 345 550 offensionem,
363 480 413 556 qui
432 480 555 539 sortasse
576 481 758 539 arbitraretur
778 499 826 539 me
847 480 922 539 hanc
942 498 1006 538 rem

58 575 206 650 publicam
232 595 293 635 non
313 586 423 654 putare,
446 577 470 636 si
490 587 631 654 perpetuo
652 587 786 650 tacerem,
807 577 923 635 modice
947 576 1005 635 hoc

57 671 162 730 inciam
186 683 236 732 aut
259 676 347 734 etiam
370 677 444 735 intra
466 676 596 748 modum,
617 685 649 734 ut
670 687 699 735 et
720 676 794 734 illius
815 675 955 734 voluntati
976 683 1005 732 et

57 773 131 832 meis
146 774 248 834 studiis
265 775 394 834 serviam.
437 774 517 833 Nam
532 777 585 834 etsi
600 795 617 834 a
630 776 724 851 prima
738 785 832 834 aetate
845 792 894 833 me
908 774 1005 834 omnis

57 889 103 930 ars
117 881 147 930 et
164 872 298 931 doctrina
315 873 440 939 liberalis
454 887 483 932 et
499 875 625 932 maxime
644 874 829 950 philosophia
846 873 1005 945 delectavit,

55 980 157 1028 tamen
177 970 235 1029 hoc
255 971 382 1030 studium
401 972 529 1047 quotidie
548 972 726 1047 ingravescit,
747 972 836 1031 credo
856 972 1004 1031 etaetatis

55 1069 223 1128 maturitate
237 1071 275 1129 ad
288 1058 473 1146 prudentiam
489 1079 518 1128 et
536 1070 581 1128 his
602 1081 766 1146 temporum
780 1070 862 1138 vitiis,
876 1080 907 1128 ut
926 1070 1005 1128 nulla

54 1187 101 1226 res
122 1169 180 1228 alia
200 1169 294 1228 levare
314 1170 443 1227 animum
462 1169 602 1228 molestiis
620 1169 731 1245 possit;
754 1183 781 1243 5.
803 1187 893 1246 aquo
909 1169 1004 1229 studio

55 1279 83 1326 te
107 1267 216 1326 abduci
237 1268 362 1343 negotiis
386 1266 523 1343 intellego
551 1286 588 1326 ex
616 1267 672 1326 tuis
700 1267 807 1340 litteris,
831 1268 883 1327 sed
905 1277 1004 1326 tamen

53 1364 167 1442 aliquid
187 1365 246 1424 iam
267 1375 369 1425 noctes
389 1375 418 1423 te
437 1366 622 1424 adiuvabunt.
666 1365 781 1426 Servius
801 1375 868 1425 tuus
884 1368 930 1425 vel
949 1385 1003 1442 po·

52 1464 113 1522 tius
133 1472 233 1522 noster
252 1481 367 1522 summa
382 1481 431 1521 me
450 1465 633 1522 observantia
651 1465 735 1538 colit;
757 1466 838 1524 cuius
859 1483 916 1542 ego
936 1483 1004 1523 cum

53 1562 141 1621 omni
161 1562 306 1636 probitate
327 1580 498 1638 summaque
519 1565 629 1635 virtute,
651 1573 713 1622 tum
735 1565 834 1624 studiis
859 1565 1003 1623 doctrina-

54 1677 115 1737 que
142 1659 277 1718 delector.
319 1658 350 1718 ls
374 1678 492 1719 meeum
519 1680 607 1738 saepe
635 1662 673 1721 de
696 1673 748 1722 tua
773 1663 926 1722 mansione
954 1673 1004 1722 aut

52 1758 229 1818 decessione
254 1759 467 1818 communicat:
501 1760 597 1819 adhuc
621 1761 652 1818 in
676 1761 734 1820 hac·
759 1779 824 1820 sum
853 1762 1003 1832 sententia,

51 1857 130 1914 nihil
147 1866 179 1914 ut
197 1856 336 1916 faciamus
356 1857 412 1914 nisi
437 1857 517 1935 quod
536 1859 663 1916 maxime
685 1857 793 1918 Caesar
813 1858 885 1917 velle
905 1859 1003 1918 videa-

51 1965 108 2014 tur.
155 1953 216 2014 Res
235 1963 303 2013 sunt
321 1955 382 2014 eius
400 1956 490 2028 modi,
505 1966 545 2027 ut,
561 1957 585 2014 si
604 1954 719 2015 Romae
738 1957 786 2027 sis,
803 1956 873 2014 nihil
891 1967 1004 2032 praeter

51 2065 125 2112 tuos
145 2053 287 2112 delectare
303 2055 407 2131 ‚possit
450 2054 496 2114 De
515 2055 640 2131 reliquis,
655 2055 725 2113 nihil
744 2054 847 2114 melius
865 2057 930 2131 ipso
949 2065 1002 2126 est,

51 2152 147 2211 ceteri
166 2161 196 2210 et
216 2163 312 2211 cetera
332 2154 394 2213 eius
414 2153 504 2225 modi,
522 2162 562 2225 ut,
583 2153 607 2212 si
628 2153 748 2212 alterurn
768 2162 865 2212 utrum
882 2171 1002 2212 necesse

50 2253 100 2322 sit,
127 2251 227 2310 audire
251 2270 287 2310 ea
310 2252 393 2311 malis
417 2271 506 2328 quam
531 2251 635 2310 videre.
678 2251 747 2310 Hoc
771 2261 903 2310 nostrum
930 2269 1002 2311 con-

51 2351 153 2409 silium
177 2351 263 2409 nobis
286 2352 405 2409 minime
428 2349 587 2410 iucundum
609 2360 660 2422 est,
682 2351 732 2428 qui
756 2360 785 2409 te
805 2351 901 2409 videre
922 2350 1003 2426 cupi·

49 2465 131 2520 mus,
146 2449 200 2508 sed
213 2449 393 2508 consulimus
408 2450 466 2508 tihi.
508 2449 591 2510 Vale.

257 2609 304 2663 91.
348 2604 406 2662 An
427 2563 678 2665 rnnrnnnns
699 2603 751 2663 vr.
776 2607 803 2663 ο.

336 2719 401 2780 Scn.
424 2719 532 2779 Ronnn
553 2739 635 2781 nuc.
659 2724 726 2796 708.

306 2845 337 2885 u.
359 2845 461 2886 c1cnno
483 2845 578 2886 sne.
594 2846 744 2888 cnncrnnn.

100 2959 125 2998 1.
147 2940 273 3002 Vnnnon
294 2959 332 3000 ne
353 2942 499 3001 desideres
513 2940 641 3000 officium
661 2961 768 3013 meum,
783 2941 864 3018 quod
878 2940 929 2999 tihi
947 2959 1001 3016 pro

50 3048 156 3098 nostra
168 3050 198 3098 et
216 3041 384 3100 meritorum
403 3041 560 3099 multorum
575 3051 603 3099 et
623 3041 782 3099 studiorum
802 3041 915 3116 parium
930 3057 1001 3098 con-

48 3139 204 3198 iunctione
228 3140 331 3198 deesse
354 3157 415 3198 non
436 3138 530 3210 debet,
553 3138 606 3196 sed
627 3149 726 3197 tamen
747 3156 847 3197 vereor
869 3156 907 3195 ne
929 3137 1002 3196 litte·

50 3255 156 3298 rarum·
175 3257 194 3297 a
215 3257 263 3296 me
283 3238 411 3298 officium
432 3237 568 3314 requiras,
588 3239 660 3313 quas
683 3237 735 3294 tibi
756 3246 786 3294 et
807 3237 865 3296 iarn
888 3235 1001 3312 pridem

50 3347 84 3396 et
102 3354 190 3413 saepe
211 3338 366 3408 misissem,
387 3337 442 3394 nisi
465 3335 594 3413 quotidie
619 3335 721 3394 melius
743 3345 916 3412 exspectans
936 3351 1002 3409 gra-

51 3435 228 3494 tulationem
257 3454 346 3513 quam
374 3433 626 3495 confirmationem
653 3434 743 3492 animi
775 3429 833 3491 tui*
847 3431 1002 3508 complecti

504 3549 554 3590 oa
