2452 3842
226 265 287 330 194
478 259 516 311 n.
540 259 660 308 nomn
680 259 868 308 crcanorns
1035 242 1109 330 [aas
1124 259 1165 304 n.

222 431 255 478 ut
268 419 292 478 is
307 417 410 494 cuique
429 417 519 488 locus,
534 418 583 476 ubi
597 417 659 494 ipse
679 417 723 489 sit,
738 427 767 476 et
781 418 835 478 sibi
849 418 974 494 quisque
987 416 1167 474 miserrimus

223 530 287 572 esse
305 512 442 582 videatur,
460 521 613 588 propterea
627 522 655 571 et
675 512 715 570 tui
731 511 843 570 consilii
861 512 991 588 paenitet
1008 520 1036 569 te
1056 520 1087 568 et
1105 526 1167 576 nos,

223 611 273 687 qui
293 611 373 670 domi
393 627 501 681 sumus,
515 609 567 668 tibi
587 610 664 668 beati
676 609 816 682 videmur,
831 621 860 668 at
879 621 983 669 contra
1001 610 1091 667 nobis
1110 625 1169 665 non

222 722 254 772 tu
273 711 392 787 quidem
404 728 512 769 vacuus
530 710 678 781 molestiis,
693 710 745 769 sed
766 728 836 786 prae
856 709 941 768 nobis
962 709 1075 766 beatus.
1120 707 1170 764 At·

223 830 281 888 que
294 811 353 868 hoc
372 811 437 886 ipso
455 808 555 868 melior
576 821 620 867 est
638 818 688 867 tua
705 827 793 885 quam
812 817 911 866 nostra
925 807 1075 877 condicio,
1091 803 1171 882 quod

223 921 263 980 tu,
287 908 356 986 quid
377 907 480 978 doleat,
501 908 625 966 scribere
647 907 745 977 audes,
767 925 822 966 nos
851 925 888 964 ne
909 905 940 964 id
960 906 1085 982 quidem
1111 914 1172 962 tuto

224 1024 388 1085 possumus,
413 1024 467 1064 nec
495 1005 525 1064 id
552 1005 668 1064 victoris
695 1005 771 1076 vitio,
795 1023 854 1081 quo
882 1004 954 1062 nihil
981 1004 1172 1070 moderatius,

224 1106 277 1164 sed
305 1105 396 1180 ipsius
423 1103 565 1175 victoriae,
595 1120 669 1178 quae
703 1103 831 1161 civilibus
863 1087 946 1160 bellis
975 1119 1098 1177 semper
1132 1111 1174 1158 est

225 1203 362 1262 insolens
404 1221 430 1276 3.
452 1199 522 1259 Uno
549 1210 578 1259 te
605 1201 736 1272 vicimus,
765 1200 846 1276 quod
874 1200 909 1258 de
937 1198 1086 1270 Marcelli,
1118 1199 1174 1258 col-

226 1301 307 1378 legae
325 1300 375 1371 tui,
393 1299 483 1358 salute
504 1299 592 1374 paulo
612 1307 786 1374 antequam
807 1309 839 1356 tu
860 1298 1066 1375 cognovimus,
1089 1299 1175 1357 etiam

227 1398 389 1456 mehercule
408 1396 497 1473 quod,
511 1414 600 1473 quern
619 1396 656 1454 ad
677 1396 799 1456 modurn
819 1415 855 1454 ea
875 1415 920 1455 res
942 1407 1091 1471 ageretur,
1107 1397 1176 1455 vidi·

227 1513 301 1553 mus.
344 1495 422 1553 Nam
443 1496 485 1554 sic
505 1494 551 1554 fac
572 1495 735 1554 existimes:
757 1506 824 1571 post
844 1494 898 1554 has
918 1494 1062 1565 miserias,
1082 1496 1115 1554 id
1137 1505 1177 1552 est

226 1600 291 1666 post
307 1607 396 1666 quam
415 1590 502 1647 armis
521 1589 676 1665 disceptari
695 1599 833 1666 coeptum
849 1599 894 1648 est
913 1589 949 1647 de
964 1589 1026 1646 iure
1043 1589 1178 1664 publicu,

228 1687 299 1746 nihil
313 1705 376 1746 esse
392 1697 489 1745 actum
504 1686 581 1745 aliud
595 1705 662 1746 cum
677 1687 831 1764 dignitate3
853 1705 922 1746 narn
937 1696 967 1745 et
982 1687 1047 1763 ipse
1067 1687 1179 1746 Caesar

228 1795 364 1846 accusata
378 1786 531 1844 acerbitate
546 1784 758 1845 Marcelli-sic
773 1787 851 1843 enim
865 1785 1179 1862 appellabat-lauda·

228 1891 315 1958 taque
340 1880 632 1940 honorificentissime
657 1890 685 1938 et
713 1881 856 1956 aequitate
884 1891 934 1939 tua
961 1888 989 1938 et
1018 1880 1181 1955 prudentia
1222 1877 1223 1894 ¹

228 1991 346 2058 repente
375 1989 487 2056 praeter
509 1996 591 2055 spem
612 1979 691 2049 dixit,
713 1997 744 2037 se
766 1979 878 2037 senatui
898 1977 1015 2054 roganti
1034 1976 1078 2034 de
1103 1977 1181 2036 Mar·

230 2079 304 2138 cello
332 2096 369 2136 ne
397 2076 524 2135 hominis
552 2076 671 2153 quidem
698 2094 787 2136 causa
818 2087 999 2152 negaturum.
1050 2075 1182 2135 Fecerat

231 2188 328 2236 autem
356 2176 413 2234 hoc
442 2185 566 2246 senatus,
587 2185 628 2245 ut,
650 2193 717 2234 cum
737 2194 756 2233 a
776 2173 810 2233 L.
830 2174 937 2234 Pisone
961 2173 1077 2231 mentio
1106 2185 1182 2233 esset

230 2276 306 2335 facta
326 2276 363 2334 de
384 2273 525 2332 Marcello
546 2284 575 2332 et
596 2273 629 2332 C.
644 2272 799 2332 Marcellus
819 2291 850 2332 se
869 2273 907 2332 ad
929 2271 1065 2331 Caesaris
1088 2273 1182 2349 pedes

232 2376 392 2446 abiecisset,
421 2383 543 2432 cunctus
575 2382 762 2449 consurgeret
789 2382 818 2431 et
850 2373 889 2432 ad
918 2371 1079 2431 Caesarem
1115 2393 1182 2450 sup
1223 2365 1224 2376 ¹

232 2475 300 2551 plex
327 2473 485 2532 accederet.
527 2471 596 2550 Noli
624 2489 780 2548 quaerere:
816 2471 855 2529 ita
882 2471 952 2529 mihi
979 2469 1108 2545 pulcher
1137 2471 1183 2529 hic
1223 2503 1224 2512 κ

233 2575 294 2632 dies
315 2573 392 2632 visus
413 2581 465 2642 est,
486 2582 517 2628 ut
538 2571 666 2647 speciem
691 2571 815 2646 aliquam
838 2571 947 2629 viderer
971 2569 1069 2627 videre
1099 2573 1184 2648 quasi

232 2673 424 2731 reviviscentis
452 2670 493 2729 rei
519 2670 659 2746 publicae.
704 2689 730 2742 4.
753 2669 856 2745 Itaque
883 2687 951 2728 cum
975 2686 1084 2727 omnes
1115 2682 1184 2729 ante

203 2785 207 2794 ·
232 2787 280 2829 me
304 2770 397 2846 rogati
420 2769 527 2845 gratias
550 2767 667 2827 Caesari
687 2767 815 2842 egissent
835 2776 947 2843 praeter
967 2765 1185 2825 Volcatium—

232 2867 257 2926 is
278 2869 365 2939 enim,
387 2868 411 2925 si
432 2885 468 2926 eo
489 2867 554 2926 loco
576 2874 660 2937 esset,
683 2866 798 2941 negavit
818 2883 849 2924 se
870 2863 1013 2924 facturum
1037 2862 1184 2935 luisse—‚

233 2982 289 3042 ego
314 2974 432 3041 rogatus
460 2965 566 3024 mutavi
594 2981 693 3022 meum
717 2962 885 3022 consilium:
915 2979 984 3020 nam
1007 2971 1184 3034 statueram,

234 3081 296 3120 non
316 3062 480 3122 mehercule
500 3063 610 3133 inertia,
625 3061 678 3121 sed
699 3061 842 3120 desiderio
863 3061 999 3137 pristinae
1019 3061 1184 3136 dignitatis,
1223 3081 1224 3138 i

234 3161 264 3219 in
292 3171 463 3238 perpetuum
492 3171 595 3220 tacere.
637 3159 734 3237 Fregit
761 3159 818 3218 hoc
846 3175 945 3217 meum
970 3159 1132 3217 consilium
1157 3171 1185 3218 et

234 3259 368 3318 Caesaris
396 3259 566 3336 magnitudo
593 3258 683 3317 animi
706 3269 735 3316 et
763 3266 880 3316 senatus
904 3255 1049 3327 officium;
1084 3258 1183 3335 itaque

235 3360 364 3437 pluribus
393 3360 485 3418 verbis
512 3358 560 3434 egi
587 3356 706 3416 Caesari
734 3357 849 3433 gratias,
878 3373 984 3430 meque
1011 3365 1118 3416 metuo
1147 3375 1184 3414 ne

236 3458 323 3515 etiam
344 3456 374 3512 in
396 3455 495 3512 ceteris
515 3455 601 3513 rebus
624 3453 748 3512 honesto
769 3454 829 3512 otio
851 3452 993 3529 privatim,
1015 3455 1103 3530 quod
1126 3467 1183 3514 erat
