2452 3842
224 217 284 266 202
478 213 517 263 M.
543 212 666 261 rurarr
687 212 876 260 crosnorrrs
1039 199 1107 281 [aare
1123 213 1159 258 1v.
1223 241 1224 260 2

221 369 381 444 prudentia,
401 367 505 444 quibus
524 369 611 428 rebus
631 368 764 444 gaudeat,
780 369 886 445 quibus
903 367 1032 444 capiatur
1051 367 1163 436 Caesar,

222 478 323 539 tenes;
344 486 362 525 a
386 476 414 526 te
439 466 539 526 omnia
562 467 782 543 proficiscantur
807 478 836 525 et
860 485 912 543 per
935 477 963 525 te
993 467 1030 525 ad
1059 468 1163 525 eximm

221 566 414 642 perducantur
430 584 550 625 necesse
570 573 632 639 est;
654 567 732 642 apud
751 567 847 643 ipsum
866 565 998 634 multum,
1013 566 1093 641 apud
1108 565 1165 623 eius

222 681 326 722 omnes
340 664 495 739 plurimum
510 673 603 740 potes.
646 665 672 721 6.
688 662 789 722 Unum
804 663 855 722 tibi
870 664 893 722 si
908 665 1096 739 persuaseris,
1108 683 1166 722 non
1222 673 1224 746 1

221 761 279 820 hoc
301 779 364 821 esse
385 763 426 819 tui
446 762 585 833 muneris,
602 761 627 820 si
645 761 716 837 quid
735 770 853 837 rogatus
872 759 969 831 fueris,
986 772 1019 820 ut
1037 761 1167 832 facias—
1223 809 1224 820 ,

222 878 398 937 quamquam
413 859 442 917 id
457 877 597 936 magnum
612 869 640 918 et
654 848 783 936 amplum
798 869 890 930 est-,
906 859 958 918 sed
971 869 1070 918 totum
1088 871 1167 920 tuum

222 978 285 1018 esse
304 977 387 1029 onus,
402 959 549 1034 perficies:
571 959 627 1018 nisi
646 958 720 1018 forte
739 959 837 1016 autin
851 958 966 1018 miseria
980 960 1071 1018 nimis
1086 961 1169 1020 stulte
1223 965 1224 1004 l

222 1067 270 1116 aut
284 1058 314 1116 in
329 1057 453 1116 amicitia
467 1058 552 1115 nimIs
566 1056 750 1134 impudenter
768 1057 819 1114 tibi
838 1074 913 1115 onus
932 1057 1069 1133 impono.
1113 1059 1170 1118 Sed

221 1157 333 1232 utrique
347 1156 388 1215 rei
402 1156 621 1214 excusationem
635 1165 701 1214 tuae
715 1155 789 1213 vitae
809 1154 991 1214 consuetudo
1011 1155 1081 1214 dat:
1103 1177 1170 1216 nam

222 1254 302 1330 quod
330 1255 368 1312 ita
396 1254 543 1313 consuesti
571 1271 624 1330 pro
652 1253 753 1312 amicis
782 1253 922 1324 laborare,
950 1271 1013 1312 non
1042 1255 1104 1313 iam
1133 1258 1170 1314 sic
1223 1291 1224 1322 r

223 1363 338 1429 sperant
360 1353 413 1410 abs
437 1363 474 1423 te,
496 1352 549 1412 sed
572 1352 660 1410 etiam
685 1352 727 1411 sic
751 1351 894 1428 Imperant
921 1351 973 1409 tibi
1001 1352 1171 1413 familiares.

222 1452 312 1524 Quod
326 1452 362 1511 ad
381 1450 486 1508 librum
505 1450 613 1521 attinet,
628 1468 717 1526 quem
735 1449 787 1508 tibi
807 1449 880 1508 filius
900 1449 988 1521 dabit,
1005 1463 1080 1528 peto
1100 1473 1118 1512 a
1137 1464 1171 1522 te,

223 1569 259 1609 ne
274 1560 365 1622 exeat,
381 1559 431 1608 aut
443 1551 482 1608 ita
497 1550 633 1624 corrigas
648 1567 686 1608 ne
700 1548 770 1606 mihi
783 1557 896 1607 noceat.

395 1709 442 1764 93.
483 1705 541 1764 ΑΙ)
562 1704 813 1764 FAMILIARES
835 1703 920 1764 XIII.
942 1723 988 1763 rr.

499 1819 563 1880 Scir.
587 1819 696 1880 Rounu
718 1838 800 1880 nuc.
824 1823 890 1895 708.

543 1945 645 1988 cronno
666 1945 761 1987 uuuro
782 1945 844 1986 sm.

265 2064 291 2104 1.
313 2041 394 2116 Qum
411 2060 525 2118 semper
543 2041 879 2101 animadverti‘studiose
900 2051 928 2100 te
948 2061 1075 2118 operam
1097 2047 1174 2104 dare

222 2153 254 2201 ut
278 2142 407 2218 nequid
431 2157 563 2198 meorum
587 2139 638 2198 tibi
662 2150 738 2199 esset
762 2141 904 2216 ignotum,
925 2151 1088 2216 propterea
1114 2163 1166 2202 noi

224 2242 325 2301 dubito
347 2240 416 2317 quin
438 2239 521 2309 scias,
544 2255 605 2296 non
630 2239 725 2297 solum
749 2241 831 2297 cuius
855 2239 1003 2317 municipii
1030 2241 1102 2313 sim,
1126 2243 1177 2301 sed

224 2340 319 2409 etiam,
343 2356 432 2415 quam
460 2337 610 2413 diligenter
640 2337 749 2395 soleam
773 2355 856 2396 meos
881 2337 1045 2413 municipes
1074 2334 1176 2420 [Arpi-

224 2433 318 2516 nates]
338 2437 427 2495 tueri:
450 2454 573 2512 quorum
589 2436 706 2512 quidem
721 2436 820 2494 omnia
834 2435 990 2493 commoda
1005 2453 1177 2516 omnesque

224 2535 381 2606 facultates,
397 2535 502 2612 quibus
522 2544 551 2593 et
569 2552 651 2592 sacra
670 2534 814 2593 conficere
829 2543 858 2592 et
872 2543 947 2592 sarta
961 2543 1039 2592 tecta
1053 2537 1178 2595 aedium

224 2651 370 2692 sacrarum
390 2635 579 2710 locorumque
600 2633 799 2690 communium
821 2633 894 2690 tueri
914 2631 1036 2707 possint,
1061 2637 1178 2694 consis-

224 2740 287 2789 tunt
304 2733 334 2790 in
354 2733 388 2792 iis
409 2733 603 2809 vectigalibus,
619 2750 693 2808 quae
714 2731 822 2790 habent
843 2732 873 2789 in
894 2732 1044 2808 provincia
1069 2733 1177 2794 Gallia.

224 2829 272 2888 Ad
286 2849 321 2889 ea
334 2831 454 2890 visenda
468 2831 674 2908 pecuniasque,
689 2849 763 2906 quae
778 2849 794 2888 a
809 2829 921 2888 colonis
940 2828 1100 2902 debentur,
1117 2835 1177 2892 exi-

224 2927 336 3004 gendas
355 2937 504 3005 totamque
524 2947 585 2987 rem
605 2943 633 2988 et
653 2928 893 3004 cognoscendam
914 2935 943 2986 et
963 2928 1178 2990 administrari·
1220 2913 1221 2968 l

224 3027 293 3086 dam
320 3026 431 3102 legatos
459 3028 570 3104 equites
602 3027 755 3086 Romanos
787 3026 927 3097 misimus,
957 3024 995 3098 Q.
1021 3025 1178 3090 Fufidium

225 3125 263 3197 Q.
279 3125 306 3196 s,
322 3125 365 3184 M.
379 3126 519 3184 Faucium
538 3125 581 3183 M.
594 3125 623 3197 f,
638 3125 674 3196 Q.
693 3124 875 3183 Mamercum
895 3122 933 3195 Q.
948 3121 966 3180 I.
1011 3144 1038 3182 a.
1059 3125 1143 3188 Peto
1163 3149 1178 3187 a

225 3235 254 3283 te
268 3225 298 3282 in
312 3225 451 3282 maiorem
465 3225 588 3283 modum
602 3242 656 3300 pro
672 3232 771 3282 nostra
784 3222 1006 3292 necessitudine,
1021 3231 1054 3280 ut
1070 3226 1128 3284 tibi
1145 3246 1178 3286 ea

224 3341 271 3381 res
290 3340 375 3380 curae
395 3323 430 3380 sit
449 3340 626 3397 operamque
648 3321 707 3392 des,
722 3330 753 3379 ut
771 3339 824 3396 per
843 3329 871 3378 te
886 3338 973 3396 quam
988 3326 1177 3384 commodis

226 3420 298 3476 sime
312 3418 464 3492 negotium
482 3417 632 3494 municipii
651 3418 862 3477 administretur
876 3436 964 3494 quam
983 3419 1177 3502 primumque
