2454 3842
57 246 101 306 ap.
118 233 360 319 39,40.]EP187·.
384 243 434 292 an
455 221 678 293 ranrrranrs
699 245 758 298 xv,
781 243 809 298 6.
946 249 1007 316 115

58 419 193 478 regnum,
218 401 365 461 sociorum
388 413 553 462 revocatam
577 403 615 463 ad
636 403 763 463 studium
784 404 896 482 imperii
917 407 1009 464 nostri

57 500 238 559 voluntatem
259 501 403 559 sententia
423 519 491 561 mea
511 512 540 560 et
561 501 678 560 decreto
698 501 856 574 laudarem,
874 502 939 563 leci.
982 523 1008 562 2.

59 598 312 674 Supplicationem
332 599 487 671 decretam,
510 600 534 660 si
555 569 669 677 tusique
689 601 720 660 in
740 619 771 659 re
790 602 861 659 nihil
882 601 1009 671 fortuito,

58 697 114 756 sed
128 714 248 756 summa
257 707 306 756 tua
319 698 432 757 ratione
450 708 480 758 et
499 699 677 758 continentia
696 701 737 760 rei
758 701 891 777 publicae
912 701 1009 776 provi-

59 814 127 854 sum
140 804 193 867 est,
208 795 252 854 dis
270 795 481 855 immortalibus
499 798 634 872 gratulari
653 816 708 857 nos
729 817 817 876 quam
835 799 887 856 tibi
904 799 1009 859 referre

59 904 216 970 acceptum
230 893 330 978 mavis,
341 893 474 969 gaudeo:
496 897 613 972 quodsi
627 897 766 974 triumphi
779 897 1009 974 praerogativam

59 1001 148 1068 putas
169 991 412 1069 supplicationem
432 1002 461 1052 et
488 993 596 1053 idcirco
618 1014 719 1054 casum
740 997 836 1072 potius
865 1013 954 1072 quarn
981 1006 1009 1054 te

59 1089 172 1148 laudari
205 1090 306 1162 mavis,
333 1109 430 1167 neque
463 1093 705 1169 supplicationem
739 1095 867 1172 sequitur
895 1112 1010 1170 semper

60 1188 226 1266 triumphus
241 1199 270 1248 et
282 1191 429 1267 triumpho
448 1192 540 1252 multo
555 1193 657 1253 clarius
672 1204 715 1253 est
735 1203 869 1253 senatum
883 1194 1010 1254 iudicare

61 1289 161 1364 potius
173 1289 395 1348 mansuetudine
410 1300 438 1349 et
452 1291 619 1351 innocentia
635 1293 818 1370 imperatoris
832 1293 1010 1369 provinciam

62 1404 152 1464 quam
166 1387 194 1444 vi
212 1386 336 1447 militum
353 1397 404 1447 aut
421 1389 600 1464 benignitate
620 1391 743 1450 deorum
762 1400 904 1452 retentam
924 1401 1010 1467 atque

62 1494 266 1544 conservatam
288 1505 352 1546 esse
364 1506 372 1558 ;
401 1487 482 1563 quod
506 1506 563 1564 ego
585 1507 652 1548 mea
675 1490 818 1549 sententia
841 1491 1008 1549 censebam.

62 1603 91 1658 3.
112 1582 211 1664 Atque
231 1583 304 1644 haec
325 1603 382 1660 ego
403 1585 511 1644 idcirco
533 1587 571 1645 ad
592 1597 621 1645 te
642 1598 745 1648 contra
764 1589 1010 1648 consuetudinem

62 1700 161 1740 meam
182 1681 311 1757 pluribus
332 1684 442 1760 scripsi,
462 1693 503 1756 ut,
524 1685 605 1762 quod
625 1687 752 1746 maxime
774 1687 849 1758 volo,
865 1687 1012 1745 existimes

62 1798 110 1839 me
132 1781 273 1852 laborare,
295 1792 326 1840 ut
346 1782 398 1840 tibi
419 1783 611 1859 persuadeam
634 1804 683 1844 me
709 1793 738 1844 et
758 1786 882 1844 voluisse
904 1787 941 1845 de
962 1797 1012 1845 tua

63 1880 220 1949 maiestate,
236 1879 316 1954 quod
338 1880 549 1956 amplissimum
568 1883 623 1940 sim
644 1884 804 1955 arbitratus,
820 1894 856 1955 et,
876 1885 958 1960 quod
979 1894 1010 1942 tu

62 1977 199 2048 maluisti,
226 1977 336 2036 factum
353 1983 424 2037 'esse
452 1979 589 2054 gaudere.
630 1981 707 2040 Vale
729 1993 760 2042 et
783 2000 839 2040 nos
868 1983 955 2058 dilige
983 1992 1012 2039 et

63 2078 193 2137 instituto
218 2077 318 2136 itinere
342 2079 524 2138 severitatem
548 2080 785 2158 diligentiamque
807 2081 894 2142 sociis
916 2093 945 2140 et
969 2083 1011 2140 rei

63 2177 198 2254 publicae
212 2187 335 2253 praesta.

215 2327 218 2334 ⁴
254 2340 303 2394 40.
345 2335 403 2394 AD
424 2335 678 2396 FAMILIARES
700 2337 767 2396 XV.
791 2340 818 2398 6.

145 2450 211 2511 Son.
233 2470 263 2510 nr
284 2450 400 2512 Crrrcra
420 2471 514 2512 unnsn
536 2453 679 2526 Qunrrmr
701 2451 736 2531 (l)
759 2471 841 2514 nuc.
866 2466 881 2527 7
906 2473 933 2526 4.

321 2578 344 2618 u
364 2579 469 2620 crcnno
489 2580 511 2620 s.
532 2580 561 2620 n.
582 2581 614 2621 rr.
636 2577 750 2622 carons

106 2693 132 2734 1.
155 2674 292 2733 ‘Laurus
318 2692 385 2732 sum
412 2674 521 2734 laudari
548 2675 616 2735 1ne'
644 2678 737 2753 inquit
762 2676 883 2748 Hector,
906 2677 1012 2754 opinor

64 2772 143 2850 apud
167 2771 319 2845 Naevium,
341 2774 411 2832 ‘abs
434 2785 470 2846 te,
494 2785 584 2851 pater,
606 2795 623 2834 a
648 2776 765 2835 laudato
786 2773 880 2848 viro;'
912 2794 948 2834 ea
969 2785 1013 2835 est

63 2870 143 2930 enim
159 2869 292 2947 proiecto
311 2871 438 2933 iucunda
455 2873 526 2946 laus,
541 2892 616 2949 quae
630 2876 668 2933 ab
690 2875 724 2934 iis
745 2875 945 2951 proficiscitur,
961 2875 1011 2952 qui

63 2971 120 3047 ipsi
133 2970 164 3026 in
177 2969 262 3029 laude
277 2970 417 3031 vixerunt.
459 2972 525 3047 Ego
546 2991 615 3031 vero
637 2973 681 3032 vel
700 2975 891 3050 gratulatione
905 2974 1013 3032 littera-

62 3087 128 3127 rum
151 3078 265 3127 tuarum
293 3069 337 3127 vel
365 3071 538 3129 testimoniis
564 3074 723 3131 sententiae
749 3073 843 3132 dictae
870 3073 941 3132 nihil
969 3083 1014 3131 est

63 3166 144 3244 quod
157 3185 206 3225 me
220 3184 281 3225 non
295 3167 467 3228 adsecutum
481 3179 581 3247 putem
594 3191 603 3243 3
624 3171 713 3246 idque
727 3172 798 3229 mihi
813 3191 880 3230 cum
895 3172 1013 3248 amplis-

62 3268 177 3338 simum,
194 3274 256 3324 tum
270 3267 468 3341 gratissimum
483 3277 536 3339 est,
551 3278 579 3327 te
594 3269 715 3329 libenter
732 3271 873 3329 amicitiae
889 3270 1012 3340 dedisse,

62 3365 145 3441 quod
168 3364 278 3440 liquido
306 3365 417 3424 veritati
443 3366 535 3425 dares.
578 3367 625 3437 Et,
651 3369 673 3427 si
698 3385 760 3426 non
787 3368 878 3427 modo
900 3385 1011 3438 omnes,

62 3464 273 3524 verumetiam
293 3465 376 3524 multi
397 3463 527 3526 Catones
549 3477 647 3526 essent
667 3466 698 3525 in
720 3467 832 3527 civitate
853 3476 961 3537 nostra,
981 3467 1012 3524 in

514 3583 563 3624 12
