2454 3842
61 230 104 291 ap.
120 214 174 298 sa]
263 225 375 274 rursu
398 225 448 274 an
469 223 637 275 urricuu
660 227 737 276 νιιι.
765 233 814 281 11.
948 233 1004 296 14¹

59 379 156 438 natori
173 396 275 438 cursus
294 377 449 450 secundus,
463 378 579 437 medico
597 377 682 449 salus,
697 378 863 454 imperatori
882 381 1006 453 victoria,

59 480 102 537 sic
126 478 195 536 huic
219 477 395 536 moderatori
416 477 458 536 rei
477 478 609 552 publicae
631 480 717 536 beata
738 479 842 536 civium
863 479 920 538 vita
941 501 1008 558 pro·

58 577 157 654 posita
175 586 226 647 est,
242 586 274 636 ut
291 577 398 653 opibus
418 576 509 647 firma,
524 577 616 652 copiis
635 576 774 652 locuples,
791 577 882 652 gloria
902 581 1008 656 ampla,

58 677 162 734 virtute
190 675 314 734 honesta
342 677 395 747 sit;
431 674 518 734 huius
545 675 624 734 enim
651 675 747 751 operis
782 675 902 734 maximi
935 679 1009 738 inter

57 775 196 833 homines
217 782 305 850 atque
324 773 425 850 optimi
446 773 525 831 illum
551 791 615 832 esse
640 772 830 849 perfectorem
855 774 936 833 volo!
982 799 1007 838 a.

58 873 131 934 Hoc
155 871 275 932 Gnaeus
298 882 396 932 noster
420 889 488 930 cum
512 882 599 930 antea
622 889 793 948 numquam,
814 880 876 930 tum
901 874 931 931 in
953 875 1007 937 hac

57 989 149 1030 causa
172 971 293 1030 minime
314 970 469 1046 cogitavit:
492 971 653 1028 dominatio
675 971 806 1046 quaesita
826 972 863 1029 ab
884 981 1007 1050 utroque

57 1080 104 1131 est
129 1086 191 1128 non
205 1069 236 1128 id
249 1079 355 1139 actum,
369 1071 456 1127 beata
470 1078 498 1126 et
510 1068 635 1127 honesta
648 1069 747 1128 civitas
766 1078 797 1127 ut
816 1079 900 1128 esset.
943 1071 1008 1133 Nec

58 1186 131 1226 vero
152 1168 198 1226 ille
216 1168 319 1228 urbem
338 1167 460 1242 reliquit,
475 1167 557 1243 quod
573 1186 640 1226 eam
658 1167 730 1225 tueri
744 1185 807 1226 non
825 1180 933 1244 posset,
953 1190 1008 1231 nec

58 1266 185 1336 Italiam,
208 1265 288 1341 quod
310 1284 346 1324 ea
368 1265 527 1341 pelleretur,
550 1266 602 1325 sed
626 1266 682 1324 hoc
705 1284 723 1324 a
746 1267 841 1343 primo
866 1269 1007 1343 cogitavit,

57 1382 166 1424 omnes
188 1372 287 1435 terras,
308 1364 409 1422 omnia
432 1365 524 1422 maria
548 1383 673 1434 movere,
695 1383 780 1440 reges
804 1365 944 1424 barbaros
964 1367 1008 1425 in-

57 1464 158 1534 citare,
174 1472 276 1538 gentes
291 1461 366 1522 seras
380 1472 505 1520 armatas
520 1462 550 1520 in
564 1462 679 1520 Italiam
697 1463 852 1534 adducere,
867 1466 1009 1524 exercitus

57 1561 207 1622 conficere
220 1560 373 1622 maximos.
410 1559 512 1620 Genus
526 1561 596 1619 illud
610 1560 720 1619 Sullani
734 1558 817 1637 regni
827 1562 885 1620 iam
896 1563 1008 1638 pridem

57 1660 214 1736 appetitur,
233 1660 338 1730 multis,
354 1661 403 1735 qui
423 1678 485 1718 una
505 1669 582 1730 sunt,
601 1660 794 1735 cupientibus.
835 1661 884 1718 An
906 1680 1009 1722 censes

56 1757 132 1820 nihil
147 1758 286 1818 intereos
300 1758 463 1829 convenire,
479 1757 590 1816 nullam
603 1758 771 1834 pactionem
785 1758 846 1816 fieri
860 1760 1009 1834 potuisse?

56 1857 150 1918 hodie
161 1865 278 1932 potest3
294 1855 348 1918 sed
361 1857 456 1918 neutri
464 1860 562 1914 σκοπὸς
576 1866 619 1915 est
633 1856 688 1927 ille,
698 1866 730 1914 ut
744 1875 799 1915 nos
813 1858 890 1915 beati
904 1860 1008 1918 simus:

56 1967 183 2030 uterque
208 1973 329 2030 regnare
351 1953 419 2012 volt.
469 1975 496 2030 3.
525 1954 610 2015 Haec
633 1974 651 2014 a
674 1965 703 2014 te
727 1956 862 2014 invitatus
887 1957 1009 2016 breviter

56 2053 186 2130 exposui
196 2073 205 2125 ;
226 2052 341 2116 voluisti
361 2053 439 2112 enim
461 2071 517 2123 me,
540 2053 611 2129 quid
632 2055 669 2112 de
689 2053 734 2111 his
755 2054 839 2113 malis
863 2054 1008 2124 sentirem,

56 2151 223 2214 ostendere.
264 2153 436 2225 Προθεσπίζω
449 2151 543 2227 igitur,
555 2162 654 2210 noster
668 2151 772 2224 Attice,
782 2170 843 2210 non
855 2151 1008 2222 hariolans,

55 2260 91 2310 ut
106 2250 162 2321 illa,
175 2249 222 2308 cui
235 2264 324 2305 nemo
340 2247 468 2318 credidit,
483 2248 535 2310 sed
549 2250 714 2308 coniectura
728 2250 926 2325 prospiciens:

355 2354 447 2422 iamque
464 2355 521 2400 mari
538 2370 641 2420 magno.
655 2391 661 2402 .
675 2390 699 2404 ..

56 2455 134 2516 Non
168 2453 266 2524 mult0,
296 2453 426 2529 inquam,
455 2471 539 2512 secus
571 2473 694 2530 possum
726 2455 874 2513 vaticinari
885 2475 894 2526 ;
929 2464 1008 2514 tanta

55 2553 205 2614 malorum
226 2552 375 2628 impendet
388 2553 475 2609 'Itala
518 2554 616 2628 Atque
637 2552 694 2611 hoc
713 2563 814 2610 nostra
832 2553 946 2628 gravior
965 2564 1009 2611 est

55 2671 157 2723 causa,
173 2649 223 2726 qui
237 2649 317 2708 dorni
332 2667 442 2721 sumus,
453 2668 543 2727 quam
557 2650 681 2723 illorum,
691 2651 740 2726 qui
754 2670 813 2709 una
827 2651 1008 2722 transierunt,

56 2750 144 2829 quod
158 2749 196 2808 illi
210 2747 332 2808 alterum
346 2759 488 2818 metuunt,
502 2766 558 2808 nos
577 2761 741 2826 utrumque.
785 2769 811 2821 4.
835 2748 894 2808 Cur
915 2750 1008 2825 igitur,

55 2848 167 2924 inquis
178 2847 390 2906 remansimus?
410 2846 454 2905 vel
468 2847 521 2905 tibi
535 2848 683 2922 paruimus
697 2848 742 2905 vel
755 2865 816 2905 non
830 2847 1009 2906 occurrimus

56 2945 107 3004 vel
122 2945 178 3004 hoc
192 2944 244 3003 fuit
258 2945 371 3004 rectius.
408 2944 590 3015 Conculcari,
601 2945 728 3021 inquam,
743 2945 880 3004 miseram
895 2945 1008 3002 Italiam

57 3044 172 3105 videbis
194 3043 328 3118 proxima
349 3052 458 3102 aestate
471 3047 489 3108 †
503 3053 551 3101 aut
572 3040 721 3118 utriusque
745 3043 775 3100 in
799 3041 951 3118 mancipiis
972 3061 1009 3100 ex

57 3142 144 3202 omni
158 3159 264 3216 genere
279 3139 416 3210 collectis,
431 3158 486 3198 nec
505 3148 564 3198 tam
577 3140 751 3216 proscriptio
770 3140 1009 3214 pertimescenda,

58 3258 122 3317 qua
142 3238 282 3300 Luceriae
303 3238 400 3297 multis
422 3238 606 3298 sermonibus
627 3237 796 3295 denuntiata
814 3254 878 3295 esse
899 3237 1008 3306 dicitur,

58 3353 152 3412 quam
171 3339 189 3402 †
208 3336 372 3398 universam
393 3335 538 3396 interitus:
559 3344 656 3396 tantas
678 3335 709 3392 in
731 3333 917 3410 confligendo
941 3334 1010 3391 utri·

58 3453 157 3512 usque
178 3435 252 3494 vires
277 3433 363 3494 video
388 3433 505 3492 futuras.
547 3432 657 3492 Habes·
674 3434 871 3492 coniecturam
896 3448 991 3490 meam
996 3448 1007 3512 ᾗ
