2452 3842
219 178 281 224 200
491 175 529 222 Μ.
554 174 674 223 runnu
696 176 883 224 erectionis
1039 159 1157 250 [sarcir.

422 411 469 465 92.
511 408 568 466 ΑΙ)
589 408 839 468 FAMILIARES
861 409 915 468 VI.
940 423 966 483 7.

356 522 420 582 Scri.
436 543 466 583 ru
488 523 596 584 Srcrnrn
617 545 752 585 exnunrn
773 545 849 586 nuno
870 545 954 587 nuc.
972 540 987 601 7
1014 530 1040 584 8.

476 649 598 691 cascina
612 651 745 693 crcunonr
759 651 842 691 erun.
857 651 918 693 sar.

262 763 286 802 1.
316 745 407 816 Quor>
436 746 485 803 tibi
514 763 574 803 non
602 756 661 804 tam
689 748 817 806 celeriter
845 747 916 806 iiber
946 757 992 806 est
1026 747 1163 816 redditus,

217 843 339 918 ignosce
365 843 460 902 timori
484 853 585 902 nostro
610 853 638 902 et
662 845 796 904 miserere
818 845 968 922 temporis.
1012 845 1114 914 Filius,
1136 856 1165 902 ut

218 942 315 1013 audio,
334 942 488 1018 pertimuit,
509 961 604 1018 neque
625 943 734 1014 iniuria,
755 945 778 1002 si
799 945 871 1003 liber
891 944 1007 1015 exisset,
1024 945 1165 1020 quoniam

219 1049 353 1098 nontam
367 1040 494 1113 interest,
510 1058 569 1116 quo
589 1042 686 1100 animo
707 1041 853 1114 scribatur,
869 1061 956 1119 quarn
975 1060 1038 1117 quo
1058 1043 1165 1118 accipi·
1217 1079 1218 1098 r

220 1148 290 1210 atur,
306 1157 343 1196 ne
357 1157 392 1196 ca
407 1157 453 1196 res
468 1139 564 1214 inepte
579 1139 649 1197 mihi
663 1150 791 1211 noceret,
803 1159 870 1200 cum
883 1141 1055 1216 praesertim
1071 1141 1166 1199 adhuc

218 1237 272 1295 stili
288 1255 398 1312 poenas
414 1237 489 1296 dem.
532 1237 600 1308 Qua
614 1237 733 1314 quidem
748 1239 777 1297 in
791 1258 822 1298 re
842 1238 979 1314 singulari
999 1257 1068 1296 sum
1089 1239 1165 1308 iato;

218 1355 287 1394 narn
302 1355 368 1394 cunr
382 1337 522 1394 mendum
537 1338 693 1412 scripturae
708 1337 791 1396 litura
809 1338 930 1408 tollatur,
946 1337 1067 1396 stultitia
1089 1339 1167 1397 sarna

218 1433 360 1506 multetur,
376 1452 458 1493 meus
476 1453 554 1493 error
576 1436 676 1494 exsilio
698 1437 856 1512 corrigitur,
873 1437 952 1495 cuius
973 1454 1095 1495 summa
1116 1439 1167 1495 cri·

218 1531 304 1590 minis
319 1540 370 1604 est,
385 1531 466 1608 quod
484 1542 610 1592 armatus
629 1533 793 1592 adversario
812 1534 887 1592 male
907 1533 973 1592 dixi.
1020 1554 1045 1592 2.
1063 1534 1166 1594 Nemo

218 1639 349 1687 nostrum
370 1639 420 1701 est,
436 1640 467 1688 ut
487 1631 600 1705 opinor,
616 1632 686 1709 quin
705 1641 772 1690 vota
790 1631 936 1690 Victoriae
955 1650 1025 1690 suae
1042 1632 1164 1702 fecerit;

219 1745 316 1799 nemo,
338 1728 408 1803 quin
429 1729 516 1787 etiam
537 1747 604 1787 curn
626 1730 662 1788 de
684 1729 790 1788 aliare
811 1729 981 1800 immolaret,
1002 1740 1111 1790 tamen
1134 1751 1168 1791 eo

220 1823 339 1899 quidem
360 1823 425 1899 ipso
446 1833 586 1899 tempore,
605 1834 637 1882 ut
656 1843 743 1900 quarn
765 1825 890 1901 primum
913 1823 1022 1883 Caesar
1043 1844 1169 1903 supera-

218 1931 303 1992 retur,
316 1921 435 1996 optarit:
451 1920 508 1979 hoc
524 1923 622 1980 sinon
637 1923 752 1998 cogitat,
764 1923 899 1982 omnibus
913 1924 999 1981 rebus
1014 1922 1086 1982 felix
1104 1939 1169 1998 est,

218 2021 243 2078 si
272 2019 324 2078 scit
351 2028 379 2077 et
407 2037 561 2095 persuasus
589 2029 640 2091 est,
665 2021 737 2096 quid
763 2022 891 2079 irascitur
918 2021 954 2093 ei,
975 2022 1025 2097 qui
1053 2023 1171 2100 aliquid

219 2119 331 2193 scripsit
356 2128 456 2176 contra
481 2136 562 2176 suam
586 2119 771 2190 voluntatem,
795 2137 861 2178 cum
885 2119 991 2195 ignorit
1013 2123 1170 2193 omnibus

219 2218 268 2293 qui
291 2217 380 2274 muita
405 2217 475 2274 deos
500 2217 625 2276 venerati
650 2227 715 2276 sunt
738 2228 838 2276 contra
862 2218 923 2276 eius
947 2217 1094 2277 salutern?
1142 2243 1170 2296 3.

220 2315 278 2374 Sed
293 2326 323 2373 ut
337 2316 442 2373 eodem
456 2325 589 2388 revertar,
603 2334 691 2374 causa
705 2315 777 2374 haec
792 2315 844 2374 fuit
857 2316 984 2374 timoris:
1006 2318 1116 2393 scripsi
1131 2321 1171 2379 de

218 2422 246 2471 te
264 2431 350 2489 parce
370 2413 483 2471 medius
502 2413 586 2473 fidius
605 2424 633 2472 et
654 2414 761 2484 timide,
776 2431 836 2470 non
857 2431 997 2473 revocans
1017 2433 1066 2473 me
1092 2418 1169 2495 ipse,

221 2511 274 2569 sed
292 2529 386 2588 paene
405 2511 559 2587 refugiens
603 2511 705 2570 Genus
725 2525 822 2570 autem
843 2511 900 2570 hoc
921 2512 1079 2587 scripturae
1104 2534 1168 2574 non

219 2610 309 2668 modo
330 2609 461 2681 liberum,
484 2609 536 2668 sed
559 2609 708 2668 incitatum
732 2619 817 2684 atque
840 2609 947 2668 elatum
967 2627 1032 2668 esse
1054 2611 1168 2672 debere

219 2707 284 2784 quis
297 2706 431 2781 ignorat?
454 2708 579 2765 solutum
602 2707 779 2766 existimatur
797 2724 861 2766 esse
880 2707 959 2766 alteri
974 2708 1050 2766 male
1065 2711 1168 2771 dicere

219 2813 357 2862 —tamcn
372 2805 532 2863 cavendum
544 2814 595 2878 est,
605 2824 642 2863 ne
652 2805 682 2862 in
692 2805 877 2880 petulantiam
888 2805 1041 2864 incidas-
1045 2826 1053 2879 ;
1068 2808 1169 2887 impe-

220 2901 319 2973 ditum,
349 2919 380 2959 se
408 2903 504 2978 ipsum
531 2903 655 2974 laudare,
685 2921 722 2961 ne
749 2903 848 2962 vitium
877 2904 1064 2979 adrogantiae
1097 2911 1168 2967 suo

220 3008 373 3074 sequatur;
400 3001 495 3058 solum
515 3018 583 3059 vero
604 3001 733 3072 liberum,
756 3001 876 3060 alterurn
897 3002 1022 3073 laudare,
1043 3003 1080 3061 de
1105 3025 1167 3082 quo
1217 3033 1218 3042 ¹

221 3095 358 3174 quicquid
373 3097 513 3168 detrahas,
530 3117 648 3158 necesse
664 3110 707 3157 est
726 3109 775 3158 aut
794 3099 951 3158 infirmitati
970 3111 1019 3159 aut
1036 3103 1167 3164 invidiae

221 3195 394 3270 adsignetur.
436 3195 481 3254 Ac
510 3197 608 3255 nescio
637 3215 675 3255 an
703 3197 753 3255 tibi
778 3199 886 3274 gratius
911 3203 1167 3281 opportuniusque

219 3291 370 3365 acciderit3
392 3310 460 3350 narn
481 3293 560 3369 quod
582 3295 727 3369 praeclare
748 3295 843 3354 facere
864 3314 925 3354 non
946 3308 1088 3372 poteram,
1107 3304 1165 3379 pri-

218 3408 299 3448 murn
319 3399 386 3460 erat,
402 3407 462 3446 non
482 3391 641 3466 attingere;
664 3393 823 3451 secundum
845 3390 1056 3476 [beneficium]‚
1071 3415 1162 3474 quarn
