2452 3842
105 264 110 274 ,
209 192 268 260 162
477 205 516 260 aa
541 205 661 256 rnrrrr
683 205 870 256 crosnonrs
1025 187 1094 279 [raa
1109 203 1153 252 ιιι.

205 356 287 414 datas
301 373 375 415 esse.
411 376 437 429 4.
450 355 499 416 Tu
513 377 582 418 cum
593 358 682 417 Sexto
703 359 821 418 servasti
838 355 1008 433 gravitatem
1024 355 1156 424 eandem,

206 473 295 532 quam
308 455 381 514 mihi
394 458 546 533 praecipis.
582 457 667 517 Celer
680 468 748 517 tuus
763 459 886 516 disertus
900 455 995 531 magis
1009 463 1054 513 est
1068 471 1155 530 quam

207 557 332 631 sapiens.
374 555 420 614 De
440 557 593 616 iuvenibus
607 575 683 633 quae
702 575 738 616 ex
758 557 857 615 Tullia
875 556 980 614 audisti
997 573 1068 612 vera
1082 563 1156 613 sunt.
1221 539 1222 546 ἵ

207 651 357 723 †Maconi
371 655 456 726 istud,
466 656 547 731 quod
563 657 673 727 scribIs,
683 674 744 714 non
758 655 829 714 mihi
843 653 955 713 videtur
968 663 1031 712 tam
1045 671 1078 711 re
1093 667 1156 710 esse

206 753 286 814 triste
310 770 399 828 quam
421 755 527 813 verbo:
548 755 622 814 haec
646 764 692 814 est
715 755 775 825 ὅλη,
796 754 828 811 in
851 771 910 829 qua
937 770 1018 810 nunc
1047 768 1157 820 sumus,

207 852 309 910 mortis
323 852 431 912 Instar:
454 862 503 910 aut
517 853 595 911 enim
609 853 681 910 mihi
693 853 781 911 libere
796 852 871 909 inter
884 851 979 909 maios
991 852 1159 907 πολιτειπίον

208 948 261 1008 tuit
281 958 331 1008 aut
351 949 396 1007 vel
416 951 579 1025 periculose
601 968 669 1009 cum
690 951 793 1023 bonis;
816 959 866 1008 aut
887 967 942 1008 nos
964 949 1159 1007 temeritatem

208 1029 355 1106 bonomm
382 1066 538 1124 sequamur
565 1058 614 1107 aut
642 1048 794 1107 audaciam
829 1047 1030 1124 improborum
1065 1048 1161 1106 insec-

208 1158 311 1208 temur.
354 1145 517 1224 Utrumque
531 1147 727 1223 periculosum
740 1156 792 1218 est,
808 1157 837 1204 at
850 1147 916 1217 hoc,
932 1145 1014 1222 quod
1033 1146 1161 1221 agimus,

208 1257 301 1322 turpe,
311 1263 366 1304 nec
379 1255 479 1305 tamen
493 1256 596 1304 tutum.
638 1245 739 1316 Istum,
749 1245 799 1322 qui
813 1245 902 1302 filium
917 1245 1111 1303 Brundisium
1125 1245 1162 1302 de

210 1361 284 1420 pace
298 1343 454 1402 misit—de
473 1361 546 1420 pace
566 1345 651 1402 idem·
667 1344 771 1413 sentio,
785 1344 866 1420 quod
886 1352 925 1414 tu,
942 1343 1164 1402 simulationem

210 1459 275 1501 esse
289 1452 427 1517 apertam,
436 1444 531 1519 parari
544 1452 641 1502 autern
651 1442 759 1502 bellum
771 1443 960 1513 acerrime—‚
970 1461 1018 1500 me
1030 1442 1165 1518 legatum

210 1540 245 1598 iri
259 1557 321 1598 non
335 1541 464 1611 arbitror,
480 1542 561 1601 cuius
575 1543 679 1613 adhuc,
694 1553 726 1600 ut
740 1543 845 1618 optavi,
861 1541 971 1600 mentio
985 1540 1063 1600 facta
1083 1542 1168 1600 nulla

213 1639 265 1697 sit:
288 1655 323 1696 eo
338 1640 434 1698 minus
447 1640 545 1699 habeo
559 1659 678 1699 necesse
698 1640 822 1699 scribere
842 1641 998 1700 autetiam
1021 1642 1169 1716 cogitare,

214 1736 284 1814 quid
299 1738 354 1796 sim
368 1737 506 1812 facturus
520 1741 545 1799 si
559 1740 704 1812 acciderit,
718 1748 750 1798 ut
763 1741 849 1830 Ieger.

387 1900 434 1958 69.
454 1965 459 1980 ς
477 1897 534 1956 AD
556 1897 809 1957 FAMILIARES
831 1897 916 1956 VIII.
944 1898 990 1960 16.

433 2013 496 2074 Scn.
521 2033 616 2073 urnsrr
636 2014 744 2074 Arrrsr
765 2032 849 2098 nnc.
873 2027 940 2088 705.

491 2139 611 2180 cancros
631 2138 767 2180 crcnnonr
788 2138 849 2179 san.

261 2255 286 2296 1.
307 2235 501 2295 Exanmarus
522 2236 579 2294 tuis
599 2235 708 2307 litteris,
730 2235 837 2311 quibus
861 2245 890 2293 te
915 2233 987 2292 nihil
1006 2233 1064 2292 nisi
1090 2237 1174 2295 triste

217 2338 344 2414 cogitare
359 2335 511 2394 ostendisti
526 2353 622 2411 neque
637 2335 667 2393 id
681 2334 751 2410 quid
765 2343 842 2393 esset
857 2333 1047 2411 perscripsisti
1069 2353 1174 2412 neque

217 2454 278 2495 non
298 2443 406 2505 tamen,
422 2433 508 2510 quale
529 2442 606 2492 esset
623 2433 704 2508 quod
724 2433 876 2508 cogitares
891 2432 1037 2508 aperuisti,
1051 2431 1114 2492 has
1136 2434 1176 2493 ad

217 2544 246 2593 te
268 2534 334 2592 ilico
355 2533 462 2591 litteras
491 2532 601 2607 scripsi.
643 2529 699 2589 Per
721 2530 853 2589 fortunas
880 2540 954 2601 tuas,
977 2529 1096 2604 Cicero,
1120 2551 1176 2609 per

218 2633 325 2690 liberos
347 2642 376 2689 te
400 2648 453 2690 oro
478 2638 507 2689 et
527 2631 659 2701 obsecro,
681 2647 718 2687 ne
740 2629 810 2705 quid
830 2629 946 2705 gravius
966 2629 1003 2688 de
1025 2629 1123 2690 salute
1147 2642 1176 2690 et

219 2729 416 2789 incolumitate
435 2737 486 2786 tua
503 2727 647 2786 consulas.
691 2725 770 2784 Nam
788 2727 860 2785 deos
879 2726 1073 2802 hominesque
1098 2731 1176 2788 ami-

220 2827 375 2904 citiamque
402 2836 534 2884 nostram
556 2825 693 2884 testificor
717 2843 765 2882 me
789 2826 841 2883 tibi
869 2825 1046 2900 praedisisse
1071 2843 1177 2903 neque

221 2937 328 2985 temere
352 2926 511 2996 monuisse,
537 2924 589 2983 sed
613 2933 770 3000 postquam
796 2923 954 2982 Caesarem
981 2926 1178 2982 convenerim

221 3023 452 3100 sententiamque
479 3024 551 3093 eius,
581 3022 674 3097 qualis
701 3021 798 3080 futura
825 3030 901 3080 esset
930 3030 1012 3098 parta
1039 3021 1179 3094 victoria,

222 3121 418 3198 cognoverim,
440 3131 469 3180 te
491 3120 643 3179 certiorem
666 3119 777 3179 fecisse.
822 3119 852 3178 Si
875 3120 1022 3178 existimas
1043 3121 1180 3179 eandem

222 3221 365 3280 rationem
380 3219 442 3278 fore
460 3219 593 3278 Caesaris
613 3220 643 3277 in
662 3217 840 3277 dImittendis
860 3217 1028 3276 adversariis
1047 3227 1078 3276 et
1101 3237 1179 3278 con-

224 3319 387 3377 dicionibus
413 3317 548 3389 ferendis,
573 3334 666 3375 erras:
701 3315 772 3375 nihil
800 3316 856 3373 nisi
883 3325 965 3374 atrox
993 3323 1022 3374 et
1051 3333 1180 3376 saevum

225 3415 335 3492 cogitat
360 3428 447 3491 atque
475 3415 562 3472 etIam
585 3413 727 3491 loquitur:
758 3415 846 3473 iratus
869 3414 981 3473 senatui
1005 3415 1075 3473 exiit
1087 3436 1097 3489 ;
1131 3416 1180 3476 his
