2452 3842
228 211 288 299 198
500 223 537 278 Μ.
560 224 679 276 rurru
701 225 889 276 orornorvrs
1037 211 1106 294 [rm
1119 221 1160 270 ιν.

223 374 391 451 exprimitur
411 374 559 452 praeclaro
583 376 632 436 illo
656 376 729 436 libro
750 375 940 448 Querelarum
960 383 1093 445 tuarum;
1118 391 1163 431 ae-

223 475 300 534 cedit
334 474 414 553 quod
447 475 567 536 mirifice
601 477 724 554 ingeniis
757 476 973 545 excellentibus,
1003 475 1089 550 quale
1123 485 1164 532 est

221 581 313 644 tuum,
342 573 515 646 delectatur3
552 583 700 650 praeterea
730 575 806 634 cedit
836 574 995 632 multorum
1025 573 1109 632 iustis
1139 581 1165 629 et

222 671 319 732 officio
346 673 480 747 incensis,
507 691 570 735 non
597 674 731 734 inanibus
758 682 807 733 aut
837 672 1007 744 ambitiosis,
1035 672 1165 730 volunta·

221 770 306 842 tibus,
321 769 351 828 in
371 787 430 848 quo
445 767 629 832 vehementer
647 789 715 829 eum
734 771 919 830 consentiens
938 769 1057 828 Etruria
1070 787 1165 828 move

221 868 271 927 bit.
322 889 349 944 9.
372 867 449 927 ‘Cur
478 868 549 928 haec
579 869 665 944 igitur
692 867 786 928 adhuc
817 886 920 944 pamm
948 865 1165 944 proiecernntl'

221 965 301 1039 Quia
320 985 382 1026 non
402 974 484 1043 putat
505 985 536 1026 se
558 966 697 1026 sustinere
719 985 822 1027 causas
842 984 930 1042 posse
955 965 1128 1037 multorum,
1146 963 1167 1022 si

220 1066 280 1136 tibi,
301 1067 347 1126 cui
366 1066 466 1124 iustius
487 1065 598 1127 videtur
616 1066 700 1127 irasci
719 1083 815 1142 posse,
836 1065 1021 1124 concesserit.
1066 1064 1168 1137 ‘Quae

218 1173 264 1222 est
290 1163 393 1242 igitur'
416 1164 529 1241 inquies
555 1169 639 1240 ‘spes
663 1165 701 1223 ab
725 1163 830 1223 iratol'
863 1163 969 1222 eodem
991 1183 1006 1220 e
1029 1163 1116 1222 fonte
1140 1181 1168 1222 se

220 1261 390 1322 hausturum
426 1262 564 1338 intellegit
599 1262 699 1324 laudes
735 1281 811 1334 suas,
846 1280 863 1320 e
900 1279 959 1338 quo
996 1262 1034 1320 sit
1072 1262 1169 1320 leviter

220 1377 364 1435 aspersus.
406 1358 558 1420 Postremo
580 1360 671 1420 horno
693 1360 776 1420 valde
798 1369 842 1420 est
864 1370 965 1420 acutus
989 1369 1020 1418 et
1043 1360 1169 1418 multum

220 1459 393 1535 providens;
428 1459 567 1536 intellegit
591 1470 628 1531 te,
653 1459 804 1520 hominem
826 1461 858 1517 in
881 1469 962 1535 parte
986 1459 1095 1518 Italiae
1120 1459 1169 1516 mi·

220 1557 299 1616 nime
326 1558 541 1618 contemnenda
568 1557 651 1618 facile
678 1559 810 1618 omnium
838 1558 1054 1617 nobilissimum
1086 1567 1118 1617 et
1142 1558 1169 1616 in

218 1656 422 1714 communire
445 1657 562 1733 publica
585 1657 674 1717 cuivis
698 1675 879 1718 summorum
902 1666 968 1718 tuae
993 1658 1103 1718 aetatis
1128 1657 1170 1716 vel

218 1753 336 1830 ingenio
357 1755 401 1814 vel
422 1755 514 1831 gratia
533 1756 578 1817 vel
598 1755 676 1814 fama
696 1756 797 1832 populi
819 1755 946 1814 Romani
971 1773 1087 1831 parem,
1111 1774 1169 1814 non

219 1871 307 1930 posse
331 1853 476 1930 prohiberi
498 1873 530 1913 re
554 1855 670 1930 publica
692 1854 813 1926 diutius;
842 1854 921 1913 nolet
944 1853 1003 1912 hoc
1024 1854 1169 1930 temporis

218 1952 315 2029 potius
350 1971 415 2012 esse
449 1952 605 2030 aliquando
639 1952 814 2015 beneficium
849 1969 938 2030 qnam
974 1952 1035 2010 iam
1074 1971 1169 2012 suum.

221 2050 358 2110 10.Dirri
385 2051 421 2110 de
449 2051 591 2124 Caesare3
626 2070 705 2111 nunc
733 2051 829 2111 dicam
857 2051 894 2110 de
928 2059 1102 2126 temporum
1130 2069 1170 2109 re-

216 2168 340 2226 rumque
359 2160 477 2210 natura:
499 2168 587 2210 nemo
606 2159 650 2208 est
669 2158 729 2208 tam
747 2149 881 2208 inimicus
900 2149 928 2207 ei
946 2166 1062 2218 causae,
1080 2166 1170 2225 quarn

217 2248 376 2326 Pompeius
393 2249 537 2308 animatus
557 2248 659 2311 melius
679 2266 767 2326 quam
786 2257 903 2326 paratus
924 2256 1106 2322 susceperat,
1122 2248 1171 2324 qui

217 2365 273 2406 nos
301 2347 393 2406 malos
419 2347 495 2406 cives
521 2347 615 2406 dicere
640 2357 691 2406 aut
714 2346 849 2406 homines
877 2346 1028 2422 improbos
1049 2347 1170 2404 audeat

217 2446 254 2504 In
272 2463 331 2522 quo
351 2445 485 2505 admirari
503 2444 582 2504 soleo
604 2445 771 2521 gravitatem
794 2453 824 2505 et
844 2445 980 2503 iustitiam
1001 2453 1030 2502 et
1052 2445 1171 2520 sapien-

217 2545 287 2602 tiam
310 2544 461 2617 Caesaris3
492 2561 653 2619 numquam
677 2544 732 2602 nisi
759 2542 1051 2602 honorificentissime
1077 2542 1170 2602 Pom-

218 2642 316 2718 peium
344 2641 477 2719 appellat.
521 2641 577 2699 ‘At
605 2641 635 2699 in
662 2641 724 2700 eius
752 2659 879 2717 persona
905 2641 996 2700 multa
1023 2640 1096 2700 fecit
1124 2661 1171 2701 as-

207 2739 331 2816 ‘perius'
373 2741 533 2800 Armorum
567 2741 621 2798 ista
656 2752 684 2800 et
718 2741 853 2800 victoriae
889 2749 957 2798 sunt
987 2739 1073 2810 facta,
1108 2759 1170 2800 non

217 2837 360 2898 Caesaris.
394 2840 435 2897 At
448 2856 504 2898 nos
519 2838 659 2914 quemad
674 2839 795 2898 modum
810 2848 853 2898 est
868 2839 1056 2914 complexusl
1098 2839 1170 2900 Cas-

217 2937 293 2996 sium
321 2937 373 2996 sibi
398 2937 519 3013 legavlt;
552 2936 673 2995 Brutum
698 2935 809 2996 Galliae
833 2936 980 3012 praefecit,
1005 2934 1171 3012 Sulpicium

217 3033 375 3107 Graeciae3
414 3034 593 3106 Marcellum,
624 3035 670 3094 cui
704 3035 830 3094 maxime
865 3035 1062 3105 succensebat,
1101 3055 1170 3096 cum

217 3149 331 3190 summa
362 3132 436 3192 illius
464 3133 603 3210 dignitate
635 3133 762 3193 restituit
808 3150 853 3191 rr.
875 3133 945 3204 Quo
972 3132 1059 3208 igitur
1093 3134 1170 3194 haec

216 3232 367 3307 spectant?
411 3231 521 3290 Rerum
554 3231 611 3291 hoc
642 3241 745 3291 natura
777 3241 806 3289 et
840 3231 965 3292 civilium
996 3240 1169 3307 temporum

215 3348 277 3389 non
304 3323 433 3407 patietur,
459 3349 514 3388 nec
541 3348 664 3390 manens
692 3348 747 3389 nec
771 3338 881 3389 mutata
908 3330 980 3388 ratio
1009 3329 1083 3390 feret
1109 3335 1166 3410 pri-

216 3440 317 3498 mum,
335 3436 367 3485 ut
395 3443 456 3484 non
479 3427 509 3484 in
534 3444 621 3486 causa
645 3429 708 3504 pari
731 3428 836 3488 eadem
859 3429 896 3488 sit
920 3439 949 3490 et
972 3428 1113 3494 condicio
1139 3440 1168 3490 et
