2436 3836
76 222 124 284 sp.
146 211 215 291 146]
283 225 395 274 urrsr.
419 225 469 273 AD
489 226 768 279 remitteretur.
793 233 844 299 23.
969 226 1030 293 275

23 417 55 441 Υ·-

272 457 337 512 146.
379 456 437 514 AD
459 454 712 515 FAMILIARES
734 453 771 514 X.
795 475 840 528 23.

184 565 249 627 Sca.
272 567 434 630 Cusnnorru
454 591 485 630 ru
505 589 616 630 amisus
637 571 846 630 Ainoanoouu
867 587 927 628 vm.

360 668 431 726 Inus
451 668 552 727 Iumrs
572 679 654 727 loc,
680 682 746 742 711.

413 795 540 836 PLANCUS
560 795 701 836 CICERONI.

27 933 31 940 .
124 906 148 945 1.
180 886 337 956 Nunoum
365 890 553 956 mehercules,
582 892 622 947 mi
650 888 764 961 Cicer0‚
792 908 840 948 me
867 885 1024 964 paenitebit

75 986 207 1044 maxima
222 988 349 1062 pericula
362 1008 416 1065 pro
431 992 523 1067 patria
537 991 641 1061 subire,
657 989 737 1061 dum,
751 991 776 1055 si
790 990 861 1066 quid
880 986 1023 1046 accederit

74 1083 190 1154 mihin
209 1086 433 1161 reprehensione
455 1089 621 1147 temeritatis
643 1090 744 1147 absim.
787 1087 948 1146 Confiterer
962 1085 1021 1168 im-

75 1183 231 1258 prudentia
244 1203 291 1242 me
306 1185 428 1260 lapsum,
444 1187 467 1244 si
482 1205 622 1263 umquam
636 1187 749 1263 Lepido
764 1205 799 1245 er
816 1187 916 1244 animo
931 1183 1020 1242 credi-

12 1321 19 1354 :
75 1282 202 1354 dissem;
224 1283 377 1342 credulitas
397 1285 476 1342 enim
497 1303 576 1344 error
597 1295 641 1344 est
661 1286 755 1361 magis
773 1302 861 1361 quam
883 1283 975 1359 culpa,
991 1289 1020 1339 et

20 1447 24 1452 ¹
73 1379 193 1455 quidem
207 1381 238 1437 in
252 1381 354 1456 optimi
372 1383 512 1458 cuiusque
530 1393 659 1442 mentem
673 1382 805 1442 facillime
821 1381 943 1456 inrepit:
966 1378 1019 1436 sed

72 1495 132 1553 ego
153 1496 212 1535 non
229 1477 287 1537 hoc
300 1479 370 1538 vitio
391 1497 485 1554 paene
506 1499 571 1539 sum
593 1481 749 1558 deceptus;
771 1480 917 1556 Lepidum
938 1478 1016 1535 enim

70 1577 191 1652 pulchre
209 1595 320 1635 noram.
364 1577 444 1650 Quid
463 1599 533 1655 ergo
553 1582 616 1638 est?
637 1580 731 1656 pudor
751 1599 808 1651 me,
825 1581 874 1656 qui
891 1580 922 1636 in
939 1576 1016 1636 bello

8 1719 10 1740 1
69 1677 198 1734 maxime
213 1686 257 1734 est
271 1678 458 1752 periculosus,
473 1678 550 1737 hunc
565 1697 665 1737 casum
686 1681 782 1755 coe'git
799 1681 913 1750 subire;
936 1695 1014 1748 nam,

7 1819 8 1824 κ
68 1775 127 1834 nisi
140 1793 201 1833 uno
215 1777 281 1834 loco
296 1795 399 1846 essem,
414 1779 534 1835 verebar
550 1797 587 1836 ne
607 1779 652 1835 cui
667 1779 891 1836 obtrectatomm
905 1776 1015 1834 viderer

68 1884 99 1932 et
117 1875 239 1932 nimium
258 1875 441 1950 pertinaciter
458 1877 571 1952 Lepido
596 1875 726 1934 offensus
745 1887 774 1933 et
792 1893 859 1933 mea
877 1875 1013 1950 patientia

7 2043 8 2046 Ἴ
67 1973 156 2031 etiam
177 1974 252 2031 alere
267 1974 382 2032 bellum.
427 1995 452 2032 a.
475 1976 577 2052 Itaque
600 1976 699 2051 copias
714 1992 804 2050 prope
820 1974 849 2030 in
870 1989 1011 2047 conspec-

65 2084 130 2130 tum
154 2071 257 2147 Lepidi
281 2073 460 2149 Antoniique
488 2075 596 2132 adduxi
624 2074 871 2150 quadragintaque
899 2070 1010 2127 milium

64 2189 205 2248 passuum
222 2172 317 2246 spatio
331 2171 430 2229 relicto
445 2172 567 2230 consedi
582 2191 619 2230 eo
633 2173 763 2242 consilio,
779 2181 809 2228 ut
823 2171 867 2227 vel
881 2168 1009 2227 celeriter

63 2270 202 2330 accedere
213 2270 257 2327 vel
269 2269 428 2328 salutariter
438 2271 565 2346 recipere
575 2289 623 2329 me
634 2289 759 2346 possem.
796 2268 925 2326 Adiunxi
935 2266 1008 2324 haec

61 2373 92 2428 in
115 2369 180 2427 loco
202 2369 346 2444 eligendo,
362 2369 472 2426 flumen
493 2371 662 2446 oppositum
682 2379 713 2426 ut
734 2368 880 2437 haberem,
894 2368 925 2422 in
946 2381 1006 2440 quo

59 2487 144 2526 mora
167 2469 302 2526 transitus
326 2477 410 2537 esset,
428 2468 565 2527 Vocontii
588 2469 642 2527 sub
666 2487 755 2526 manu
775 2477 807 2526 ut
828 2475 933 2536 essent,
953 2482 1005 2540 per

58 2584 184 2643 quorum
208 2566 273 2624 loca
302 2565 422 2624 fideliter
445 2566 516 2623 mihi
541 2574 651 2640 pateret
678 2566 738 2622 iter.
782 2564 911 2640 Lepidus
938 2563 1003 2621 des-

58 2673 160 2742 perato
179 2663 304 2722 adventu
324 2683 400 2735 men,
417 2682 505 2740 quem
527 2681 588 2722 non
609 2663 791 2722 mediocriter
810 2662 953 2738 captabat,
972 2680 1003 2720 se

58 2781 126 2822 cum
146 2762 277 2820 Antonio
299 2763 447 2821 coniunxit
469 2781 494 2820 a.
515 2761 542 2820 d.
562 2781 613 2819 1111.
628 2761 694 2819 Kal.
710 2762 817 2830 Iunias,
837 2759 1003 2836 eodemque

57 2863 105 2920 die
127 2860 163 2920 ad
184 2879 231 2918 me
253 2871 344 2920 eastra
365 2871 534 2933 moverunt;
557 2861 657 2936 viginti
679 2860 756 2917 milia
772 2877 911 2934 passuum
933 2877 1000 2918 cum

55 2961 199 3029 abessent,
220 2978 266 3018 res
285 2960 356 3016 mihi
378 2961 508 3017 nuntiata
529 2967 580 3018 est.
624 2977 650 3032 3.
672 2958 748 3016 Dedi
770 2975 890 3032 operam
912 2958 1000 3015 deum

52 3058 238 3132 benignitate,
253 3067 286 3115 ut
304 3067 332 3116 et
353 3057 482 3116 celeriter
500 3075 548 3114 me
568 3058 726 3131 reciperem
745 3055 835 3114 ethic
853 3056 999 3115 discessus

52 3156 123 3214 nihil
148 3155 232 3231 fugae
258 3156 349 3215 simile
374 3156 500 3226 haberet,
521 3174 583 3214 non
605 3155 688 3215 miles
711 3155 794 3225 ulluS,
816 3172 877 3213 non
898 3172 997 3232 eques,

51 3273 112 3313 non
134 3256 288 3331 quicquam
314 3253 589 3330 impedimentorum
612 3256 788 3313 amitteretur
810 3263 860 3311 aut
884 3254 921 3311 ab
942 3253 996 3310 illis

51 3353 225 3412 serventibus
245 3353 404 3411 latronibus
429 3353 652 3429 interciperetur.
694 3353 795 3430 Itaque
816 3350 911 3428 pridie
933 3350 995 3408 No-

52 3470 105 3510 nas
124 3452 222 3511 lunias
234 3471 346 3511 omnes
368 3453 468 3529 coplas
482 3451 594 3511 Isaram
616 3453 712 3512 traieci
732 3462 903 3529 pontesque,
919 3467 994 3525 quos

496 3569 547 3612 ra
