2454 3842
228 229 271 302 68,
500 243 539 292 rr.
565 243 685 293 rurrrr
707 244 894 293 erernorvrs
1056 231 1129 319 [ears
1144 245 1175 292 11.

227 409 395 489 optimeque
408 411 580 488 perspicies;
603 412 672 489 quid
691 413 776 471 nobis
794 411 956 488 placuisset,
968 429 1005 470 ex
1020 427 1071 471 me
1083 412 1175 488 potis-

229 493 334 571 simum
348 509 445 584 putavi
464 519 492 568 te
513 511 585 571 scire
600 520 743 587 oportere.
780 525 806 585 7.
828 510 917 582 Quod
931 509 1002 568 mihi
1018 510 1057 568 de
1072 521 1173 569 nostro

229 618 313 679 statu,
329 608 365 667 de
380 608 498 668 Milonis
519 609 716 680 familiaritate,
737 609 773 668 de
794 609 907 668 levitate
928 618 957 667 et
976 609 1173 668 imbecillitate

229 704 324 765 Clodii
346 707 503 784 gratularis,
529 708 648 766 minime
672 708 809 765 miramur
831 717 859 765 te
884 707 939 765 tuis
963 716 995 764 ut
1020 709 1173 782 egregium

229 804 367 864 artificem
388 806 542 882 praeclaris
563 806 699 881 operibus
722 805 835 863 laetari:
863 822 1042 881 quamquam
1066 813 1111 863 est
1132 805 1175 862 in·

229 903 372 962 credibilis
392 903 545 962 hominurn
566 904 907 980 perversitas—graviore
926 903 1006 961 enim
1020 904 1114 961 verbo
1134 903 1173 960 uti

229 1019 289 1061 non
311 1002 430 1073 libet—,
454 1001 503 1079 qui
526 1019 589 1073 nos,
614 1020 690 1077 quos
712 1002 837 1061 favendo
861 1002 891 1058 in
914 1002 1067 1060 communi
1087 1019 1173 1060 causa

228 1102 349 1160 retinere
387 1109 551 1176 potuerunt,
586 1100 743 1158 invidendo
785 1099 1001 1170 abalienarunt;
1045 1117 1172 1175 quorum

228 1196 508 1256 malevolentissimis
523 1198 778 1256 obtrectationibus
798 1216 854 1256 nos
868 1198 940 1256 scito
959 1196 995 1255 de
1010 1207 1111 1256 vetere
1128 1197 1172 1254 illa

229 1305 329 1354 nostra
353 1295 544 1372 diuturnaque
569 1297 713 1354 sententia
736 1314 829 1373 prope
851 1297 909 1355 iam
935 1314 998 1354 esse
1024 1296 1170 1372 depulsos,

229 1411 290 1450 non
304 1410 359 1451 nos
374 1393 492 1469 quidem
506 1403 538 1452 ut
558 1404 675 1454 nostrae
695 1394 842 1472 dignitatis
862 1395 951 1453 simus
969 1393 1060 1465 obliti,
1076 1395 1130 1453 sed
1143 1402 1171 1451 ut

229 1490 388 1550 habeamus
416 1493 557 1551 rationem
584 1493 740 1570 aliquando
773 1494 860 1551 etiam
893 1492 999 1550 salutis.
1057 1492 1171 1551 Poterat

229 1593 383 1666 utrumque
398 1591 551 1666 praeclare,
564 1592 588 1650 si
603 1600 680 1650 esset
694 1593 775 1663 fides,
787 1593 811 1650 si
824 1592 948 1667 gravitas
962 1591 992 1648 in
1005 1589 1170 1648 hominibus

230 1689 443 1761 consularibus;
466 1689 518 1748 sed
531 1699 610 1748 tanta
624 1699 667 1749 est
681 1691 711 1748 in
723 1691 868 1766 plerisque
883 1690 989 1761 levitas,
1001 1698 1034 1747 ut
1045 1707 1100 1748 eos
1114 1705 1169 1746 non

229 1798 289 1845 tam
303 1788 465 1846 constantia
477 1789 508 1846 in
522 1808 552 1847 re
572 1789 688 1866 publica
706 1797 807 1848 nostra
826 1789 956 1861 delectet,
972 1806 1062 1865 quam
1079 1788 1168 1865 splen-

230 1886 283 1954 dor
297 1885 436 1945 offendat.
478 1891 505 1946 8.
528 1886 618 1959 Quod
632 1907 668 1946 eo
683 1888 798 1948 liberius
813 1889 851 1946 ad
865 1898 893 1946 te
909 1889 1014 1958 scrib0,
1030 1887 1168 1964 quianon

230 1984 325 2044 solum
339 1984 519 2062 temporibus
534 1986 587 2058 his,
603 2005 677 2063 quae
691 2006 743 2063 per
761 1997 789 2045 te
809 2006 874 2046 sum
895 1987 1027 2062 adeptus,
1043 1986 1098 2044 sed
1116 1986 1168 2042 iam

162 2089 164 2093 ’
230 2083 299 2143 olim
323 2083 453 2143 nascenti
480 2104 574 2162 prope
603 2095 719 2144 nostrae
746 2085 824 2144 laudi
852 2085 1041 2161 dignitatique
1069 2083 1166 2151 favisti,

229 2183 372 2260 simulque
392 2183 473 2260 quod
494 2185 588 2255 video,
605 2202 676 2256 non,
694 2193 725 2242 ut
744 2183 866 2242 antehac
888 2184 1035 2261 putabam,
1053 2183 1168 2241 novitati

230 2301 293 2342 esse
307 2282 431 2342 invisum
445 2301 528 2342 meae
536 2302 545 2354 ;
562 2284 635 2341 inte
650 2283 735 2352 eninr,
745 2281 864 2341 homine
879 2281 1012 2340 omnium
1029 2282 1168 2341 nobilissi-

230 2399 290 2452 mo,
305 2381 408 2440 similia
421 2381 585 2440 invidorum
598 2381 667 2439 vitia
680 2381 825 2457 perspexi,
841 2399 929 2457 quem
943 2389 1041 2438 tamen
1056 2380 1096 2438 illi
1111 2398 1168 2439 esse

230 2479 260 2536 in
294 2481 474 2556 principibus
507 2480 589 2539 facile
604 2527 606 2530 .
619 2488 687 2538 sunt
718 2479 804 2554 passi,
837 2479 950 2536 evolare
982 2477 1066 2536 altius
1099 2487 1168 2536 certe

231 2577 391 2635 noluerunt.
444 2577 567 2637 Gaudeo
595 2578 682 2636 tuam
702 2578 871 2636 dissimilem
898 2577 986 2635 fuisse
1010 2576 1168 2646 fortunam

230 2675 353 2733 multum
375 2674 456 2733 enim
477 2677 604 2747 interest,
624 2684 722 2734 utrum
741 2676 804 2734 laus
825 2676 1010 2733 imminuatur
1034 2693 1073 2734 an
1099 2676 1168 2735 salus

231 2773 387 2832 deseratur.
438 2771 490 2831 Me
518 2791 601 2832 meae
630 2783 726 2832 tamen
754 2791 791 2831 ne
820 2772 904 2831 nimis
933 2772 1101 2848 paeniteret,
1126 2785 1169 2832 tua

230 2873 332 2930 virtute
352 2869 511 2947 perlectum
533 2882 593 2944 est;
620 2873 724 2931 curasti
745 2872 832 2942 enim,
847 2882 878 2929 ut
899 2871 964 2947 plus
986 2870 1117 2929 additum
1136 2870 1168 2930 ad

231 2970 402 3028 memoriam
425 2971 552 3029 nominis
580 2971 671 3030 nostri
696 2987 785 3047 quam
813 2969 965 3046 demptum
994 2969 1030 3028 de
1059 2969 1168 3029 fortuna

231 3066 382 3128 videretur.
424 3088 451 3143 9.
474 3069 520 3127 Te
534 3087 603 3127 vero
625 3085 752 3127 emoneo
774 3085 842 3126 cum
863 3068 1012 3126 beneficiis
1033 3069 1098 3138 tuis,
1112 3079 1168 3128 tum

232 3181 332 3224 amore
358 3165 493 3223 incitatus
520 3183 595 3237 meo,
618 3175 649 3224 ut
677 3184 797 3224 omnem
824 3163 956 3242 gloriam,
979 3165 1017 3224 ad
1044 3184 1167 3242 quama
1208 3165 1209 3168 ’

231 3261 352 3340 pueritia
365 3263 561 3323 inflammatus
576 3263 662 3336 luisti,
674 3265 755 3323 omni
770 3282 838 3322 cura
852 3275 940 3342 atque
953 3263 1090 3323 industria
1104 3283 1165 3324 con-

232 3379 354 3438 sequare
377 3361 667 3437 magnitudinemque
692 3361 781 3419 animi
802 3362 851 3433 tui,
872 3380 961 3437 quam
982 3378 1038 3438 ego
1060 3379 1165 3440 semper

232 3475 297 3522 sum
320 3457 477 3519 admiratus
501 3475 671 3536 semperque
695 3458 797 3524 amavi,
820 3475 856 3518 ne
879 3477 1019 3540 umquam
1044 3459 1163 3522 inflectas
