2452 3842
212 211 274 278 23²
490 211 530 264 u.
556 211 674 260 norun
696 210 887 260 crosnours
1054 198 1124 281 [aas
1139 215 1164 258 t.

212 365 412 440 commissum,
433 369 514 444 quod
539 379 615 428 esset
637 368 762 427 alienum
787 376 888 426 nostra
913 367 1054 438 amicitia,
1077 370 1164 427 credi-

213 463 306 523 disse:
329 484 398 524 nam
412 477 527 544 praeter
540 467 622 538 haec,
630 485 706 543 quae
721 466 957 536 commemoravi,
969 483 1050 542 quae
1065 477 1164 526 testata

213 572 330 621 suntet
352 565 477 636 illustria,
492 565 588 625 habeo
610 567 703 624 multa
725 565 891 636 occultiora,
907 584 985 641 quae
1000 567 1051 623 vix
1074 568 1163 626 verbis

212 663 333 738 exsequi
347 681 477 740 possum.
522 663 631 724 Omnia
651 683 700 723 me
721 673 772 722 tua
792 663 944 735 delectant,
962 664 1017 722 sed
1040 667 1163 722 maxime

214 757 368 844 [maxima]
387 781 455 822 cum
473 763 546 822 fides
565 764 596 822 in
614 763 748 833 amicitia,
763 762 927 832 consilium,
942 764 1083 839 gravitas,
1100 783 1163 823 con-

212 861 326 932 stantia,
341 870 403 919 tum
417 861 509 938 lepos,
524 861 697 932 humanitas
708 861 827 919 litterae.
869 860 1066 937 Quapropter
1080 863 1163 920 redeo

213 977 290 1017 nunc
312 960 350 1019 ad
367 961 524 1036 querelam.
568 973 595 1034 7.
617 959 684 1036 Ego
706 969 734 1020 te
756 958 925 1034 suffragium
945 959 1051 1018 tulisse
1074 962 1105 1018 in
1124 961 1164 1018 illa

212 1059 277 1136 lege
300 1059 427 1134 primum
448 1077 510 1118 non
531 1058 659 1130 credidi;
681 1057 795 1127 deinde,
815 1057 839 1114 si
860 1057 1067 1130 credidissem,
1086 1077 1165 1116 num-

213 1177 302 1236 quam
323 1158 353 1216 id
373 1157 436 1215 sine
458 1157 554 1234 aliqua
575 1157 651 1215 iusta
673 1173 760 1215 causa
780 1155 977 1213 existimarem
1000 1165 1032 1214 te
1057 1156 1165 1215 fecisse.
1211 1141 1212 1194 ἕ

213 1256 348 1334 Dignitas
376 1265 426 1314 tua
453 1255 530 1326 facit,
554 1264 586 1312 ut
614 1252 863 1323 animadvertatur,
887 1253 1031 1328 quiequid
1062 1254 1165 1323 facias;

213 1354 415 1414 malevolentia
435 1363 534 1412 autem
547 1353 709 1424 hominum,
723 1361 756 1410 ut
774 1369 836 1409 nou
854 1351 933 1408 nulla
950 1351 1064 1424 durius,
1081 1372 1166 1429 quam

214 1472 232 1511 a
256 1463 285 1512 te
309 1453 384 1512 lacta
408 1453 474 1523 sint,
498 1452 695 1528 proferantur:
728 1469 763 1508 ea
785 1460 816 1508 tu
841 1451 865 1508 si
889 1467 951 1508 non
977 1451 1076 1523 audis,
1101 1452 1167 1528 quid
1211 1469 1212 1480 ¹

215 1552 311 1610 dicam
333 1551 451 1623 nesci0;
473 1549 618 1626 equidem,
638 1549 663 1607 si
683 1548 802 1626 quando
823 1547 920 1619 audio,
942 1557 1005 1606 tam
1028 1550 1166 1618 defendo,

214 1669 304 1726 quam
322 1666 370 1708 me
392 1649 453 1708 scio
473 1667 492 1706 a
509 1658 538 1706 te
560 1658 661 1706 contra
680 1649 797 1724 iniquos
816 1663 899 1705 meos
920 1646 1016 1705 solere
1040 1648 1168 1707 delendi.

213 1748 356 1808 Defensio
369 1759 466 1807 autem
480 1756 524 1805 est
539 1747 663 1822 duplex:
685 1746 742 1804 alia
756 1755 830 1816 sunt,
841 1763 917 1820 quae
928 1745 1044 1820 liquido
1060 1766 1169 1824 negare

214 1847 334 1917 soleam,
349 1856 381 1904 ut
398 1846 434 1904 de
451 1845 507 1904 isto
526 1845 592 1921 ipso
613 1843 752 1919 suffragio
762 1864 769 1916 ;
792 1843 857 1913 alia,
871 1860 946 1918 quae
968 1843 1137 1903 delendam
1155 1864 1169 1902 a

213 1957 242 2006 te
257 1948 304 2024 pie
319 1945 380 2003 fieri
399 1954 428 2003 et
441 1944 578 2013 humane,
594 1952 625 2001 ut
639 1943 676 2000 de
696 1943 844 2001 curatione
863 1941 1009 2000 ludorum.
1058 1947 1089 2000 8.
1114 1944 1170 2002 Sed

213 2058 252 2119 te,
281 2045 431 2104 hominem
460 2043 670 2112 doctissimum,
701 2060 763 2100 non
797 2040 878 2117 fugit,
908 2041 932 2100 si
967 2039 1086 2101 Caesar
1123 2064 1171 2103 rer
1210 2061 1211 2066 ¹

214 2143 422 2219 suerit—quod
442 2141 513 2199 mihi
528 2141 647 2216 quidem
661 2140 823 2211 videtur—,
836 2140 867 2198 in
884 2149 1038 2216 utramque
1055 2153 1172 2217 partem
1210 2121 1211 2146 ³

215 2246 252 2304 de
267 2255 318 2304 tuo
340 2241 436 2300 officio
456 2239 595 2316 disputari
609 2257 708 2314 posse,
721 2238 767 2296 vel
780 2239 810 2295 in
832 2255 905 2308 eam,
921 2255 980 2314 qua
1002 2257 1064 2313 ego
1089 2243 1172 2299 soleo

215 2343 264 2412 uti,
290 2340 468 2399 laudandam
495 2356 560 2396 esse
588 2336 677 2395 fidem
705 2346 735 2395 et
758 2335 969 2394 humanitatem
999 2345 1097 2410 tuam,
1125 2341 1173 2414 qui

217 2442 345 2500 amicum
360 2439 447 2498 etiam
461 2448 609 2495 mortuum
624 2435 735 2512 diligas,
750 2435 795 2493 vel
810 2436 840 2493 in
855 2454 929 2505 eam,
944 2453 1003 2511 qua
1017 2454 1086 2494 non
1103 2441 1173 2496 nulli

213 2529 341 2610 utuntur,
356 2539 518 2596 libertatem
533 2535 643 2613 patriae
654 2536 728 2594 vitae
742 2535 828 2594 amici
842 2535 1098 2610 anteponendam.
1129 2539 1173 2596 Er

214 2639 259 2696 his
279 2636 464 2696 sermonibus
481 2635 593 2692 utinam
612 2642 709 2690 essent
728 2631 840 2690 delatae
859 2632 896 2691 ad
910 2642 938 2691 te
952 2632 1174 2708 disputationes

215 2724 315 2793 meae!
359 2734 412 2792 Illa
426 2750 495 2791 vero
510 2732 579 2803 duo,
594 2749 668 2808 quae
682 2731 812 2789 maxima
826 2740 893 2789 sunt
906 2730 1027 2788 laudum
1042 2741 1174 2800 tuarum,

214 2834 280 2909 quis
295 2843 344 2891 aut
358 2832 492 2890 libentius
509 2848 598 2907 quam
617 2847 674 2904 ego
693 2838 903 2888 commemorat
917 2839 966 2887 aut
980 2831 1126 2906 saepius?
1148 2845 1175 2892 te
1210 2863 1211 2908 l

214 2940 244 2990 et
255 2948 317 2989 non
332 2930 509 3006 suscipiendi
519 2928 587 2986 belli
599 2927 688 2987 civilis
698 2928 899 3003 gravissimum
914 2936 1064 2986 auctorem
1082 2930 1175 2989 fuisse

215 3037 244 3087 et
254 3027 453 3086 moderandae
464 3027 609 3096 victoriae,
621 3027 651 3082 in
663 3043 731 3101 quo,
743 3026 793 3101 qui
804 3025 874 3082 mihi
888 3043 948 3083 non
964 3025 1174 3093 adsentiretur,

214 3127 311 3184 inveni
325 3126 481 3183 neminem.
512 3124 581 3196 Qua
590 3143 621 3182 re
633 3123 728 3182 habeo
739 3124 862 3200 gratiam
873 3123 1023 3194 Trebati0,
1035 3123 1174 3184 familiari

214 3233 325 3293 nostro,
336 3222 388 3298 qui
398 3222 468 3279 mihi
481 3222 561 3280 dedit
572 3240 692 3280 causam
702 3222 805 3280 harum
815 3222 981 3292 litterarum,
993 3223 1107 3298 quibus
1119 3227 1173 3284 nisi

215 3319 627 3388 credideris,meomnis0fficii
637 3329 665 3377 et
673 3317 1173 3396 humanitatisexpertemiudicaris;

215 3435 275 3492 quo
287 3433 342 3472 nec
353 3411 424 3469 mihi
435 3414 550 3485 gravius
559 3415 716 3488 quicquam
727 3426 824 3491 potest
834 3434 898 3475 esse
909 3435 964 3476 nec
975 3426 1004 3476 te
1015 3417 1154 3480 alienius.
