2454 3842
210 225 253 288 90
483 221 522 268 rr.
548 219 669 272 vuucri
688 221 879 271 crcrrnoms
1052 209 1158 293 [rann.

210 387 275 428 rum
290 379 451 442 ventorum,
463 389 539 448 quoa
553 372 701 448 proposui.
716 371 884 430 moderator
896 371 1020 446 quidam
1036 381 1066 430 et
1080 373 1159 448 quasi

211 468 407 543 gubernator;
423 469 473 546 qui
486 471 511 528 si
526 488 562 528 ex
576 471 713 530 omnibus
727 487 803 528 unus
816 469 963 545 optandus
975 480 1063 540 esset,
1075 488 1161 547 quem

212 575 310 624 tecum
334 565 466 628 conferre
491 586 655 645 possemus,
681 586 742 627 non
768 568 950 628 haberemus.
994 568 1099 640 Quam
1126 567 1162 625 ob

212 683 283 735 rem,
298 665 323 724 si
341 684 389 728 me
408 684 579 737 memorem,
594 667 618 724 si
637 678 761 743 gramm,
776 667 801 726 si
817 669 931 725 bonum
952 667 1048 724 virum
1068 665 1116 723 vel
1129 682 1163 721 ex

213 763 270 822 hoc
284 764 358 840 ipso,
373 765 453 841 quod
467 773 527 822 tam
541 765 730 824 vehementer
743 765 780 824 de
798 765 911 824 Milone
929 764 1075 835 laborem,
1091 763 1163 822 exis-

213 862 315 922 timare
328 873 421 939 potes,
433 864 457 921 si
472 863 592 938 dignum
607 865 733 940 denique
747 865 804 922 tuis
814 863 962 922 beneficiis
973 864 1099 934 iudicas,
1110 863 1164 919 hoc

213 971 274 1020 ate
289 973 363 1038 peto,
372 971 404 1020 ut
418 963 572 1021 subvenias
586 963 653 1020 huic
667 981 750 1021 meae
764 962 950 1021 sollicitudini
959 971 990 1019 et
999 962 1070 1020 huic
1082 977 1164 1018 meae

213 1059 292 1118 laudi
305 1060 358 1130 vel,
369 1071 401 1118 ut
415 1061 508 1119 verius
522 1059 627 1130 dicam,
639 1077 732 1137 prope
743 1061 827 1119 saluti
838 1069 920 1118 tuum
933 1060 1065 1118 studium
1078 1060 1164 1118 dices.
1209 1049 1210 1054 ’

214 1154 260 1213 De
274 1157 340 1232 ipso
355 1158 393 1217 T.
408 1159 508 1218 Annio
522 1167 635 1218 tantum
648 1159 699 1216 tibi
713 1158 860 1235 polliceor,
875 1167 904 1216 te
923 1158 1042 1215 maioris
1065 1157 1164 1224 animi,

213 1256 370 1328 gravitatis,
385 1259 564 1316 constantiae
585 1257 863 1333 benevolentiaeque
884 1274 955 1332 erga
974 1265 1013 1326 te,
1034 1256 1060 1313 si
1084 1273 1165 1315 com·

215 1350 301 1424 plecti
319 1353 469 1414 hominem
485 1356 619 1427 volueris,
633 1355 799 1414 habiturum
818 1372 882 1412 esse
903 1355 1072 1425 neminem3
1096 1352 1165 1410 mihi

214 1465 282 1506 vero
315 1460 427 1511 tantum
461 1455 584 1526 decoris,
612 1462 726 1512 tantum
753 1453 900 1528 dignitatis
928 1452 1109 1522 admireris,
1137 1461 1165 1509 ut

214 1546 341 1606 eundem
355 1559 384 1609 te
397 1550 480 1611 facile
495 1569 655 1629 agnoscam
669 1551 757 1609 fuisse
771 1552 801 1610 in
815 1550 901 1609 laude
915 1569 989 1621 mea,
1004 1551 1055 1625 qui
1078 1549 1164 1608 fueris

215 1643 245 1700 in
260 1646 358 1707 salute.
402 1663 429 1724 5.
444 1650 520 1726 Eg0,
531 1652 561 1708 ni
572 1660 601 1708 te
612 1650 708 1709 videre
717 1651 830 1719 scirem,
841 1668 909 1708 cum
921 1649 959 1707 ad
970 1649 1083 1707 tehaec
1099 1647 1164 1705 scri·

215 1741 324 1814 berem,
334 1758 476 1822 quantum
487 1749 573 1807 officii
585 1749 765 1819 sustinerem,
775 1756 887 1824 quanto
901 1764 990 1823 opere
1003 1747 1079 1804 mihi
1091 1753 1166 1804 esset

216 1840 246 1896 in
260 1839 315 1901 hac
329 1846 469 1919 petitione
483 1846 602 1906 Milonis
621 1847 702 1905 omni
716 1865 778 1905 non
792 1845 883 1905 modo
898 1846 1099 1914 contentione,
1116 1839 1165 1901 sed

216 1940 304 2000 etiam
316 1945 501 2004 dimicatione
510 1946 728 2015 elaborandum,
739 1946 824 2021 plura
833 1945 1006 2003 scriberem:
1022 1961 1107 2001 nunc
1117 1939 1165 2000 tibi

214 2058 335 2102 omnem
350 2062 412 2102 rem
426 2054 512 2120 atque
525 2063 645 2103 causam
658 2062 764 2120 meque
777 2053 872 2102 totum
886 2040 1064 2116 commendo
1080 2050 1166 2116 atque

215 2143 308 2202 trado.
329 2141 430 2202 Unum
441 2143 498 2201 hoc
515 2143 555 2201 sic
570 2141 695 2201 habeto:
719 2143 742 2200 si
761 2151 821 2200 ate
835 2142 910 2200 hane
924 2159 986 2200 rem
998 2141 1165 2214 impetraro,

216 2258 265 2299 me
279 2261 372 2319 paene
386 2241 452 2318 plus
462 2241 512 2298 tibi
523 2258 612 2316 quam
623 2241 678 2318 ipsi
687 2240 792 2298 Miloni
808 2240 970 2299 debiturum
984 2258 993 2310 3
1013 2236 1166 2296 nonenim

217 2339 288 2398 mihi
308 2351 369 2399 tam
388 2358 455 2398 mea
476 2339 553 2398 salus
575 2358 642 2398 cara
662 2338 723 2408 fuit,
738 2340 768 2398 in
788 2358 847 2415 qua
863 2338 1019 2415 praecipue
1041 2354 1111 2394 sum
1132 2333 1166 2391 ab

218 2437 267 2495 illo
282 2439 405 2510 adiutus,
421 2457 510 2516 quam
523 2439 616 2516 pietas
638 2439 692 2498 erit
705 2438 735 2496 in
748 2437 900 2496 reserenda
914 2436 1006 2512 gratia
1019 2432 1165 2498 iucunda;

218 2553 283 2592 eam
298 2547 395 2595 autem
409 2538 495 2596 unius
509 2538 550 2595 tui
565 2537 660 2595 studio
674 2555 721 2595 me
736 2535 856 2611 adsequi
870 2552 959 2611 posse
972 2532 1103 2592 confido

448 2716 495 2770 31.
537 2711 595 2770 AD
615 2709 811 2771 ATTICUM
832 2708 870 2767 V.
896 2728 941 2766 11.

303 2825 368 2886 Scn.
390 2826 523 2886 Aturrus
543 2846 587 2886 vn.
609 2825 711 2886 Novas
734 2824 899 2897 Qumrmns
920 2841 1004 2884 nuc.
1026 2834 1096 2897 703.

524 2953 627 2996 cremo
649 2951 755 2992 arrico
776 2950 837 2990 sau.

266 3067 290 3107 1.
312 3048 384 3120 Hor,
398 3049 544 3109 totiensne
560 3069 608 3108 me
627 3048 734 3107 litteras
753 3046 869 3106 dedisse
888 3044 1024 3116 Romam,
1040 3063 1109 3103 cum
1131 3045 1166 3105 ad

221 3157 249 3207 te
271 3147 363 3206 nullas
384 3148 505 3207 darem?
546 3149 586 3207 At
606 3164 675 3206 vero
696 3146 818 3223 posthac
841 3144 944 3203 frustra
965 3144 1063 3219 potius
1084 3144 1168 3214 dab0,

220 3264 317 3325 quam,
339 3246 363 3304 si
387 3256 465 3305 recte
488 3248 550 3306 dari
574 3247 728 3324 potuerint,
750 3245 931 3304 committam
953 3252 985 3300 ut
1007 3260 1069 3300 non
1092 3242 1164 3301 dem.

221 3346 269 3406 Ne
287 3344 436 3422 provincia
454 3347 540 3404 nobis
559 3355 739 3420 prorogetur,
754 3363 807 3419 per
826 3344 973 3402 fortunas!
995 3341 1066 3400 dum
1088 3340 1165 3409 ades,

222 3444 361 3520 quicquid
380 3443 523 3519 provideri
538 3449 632 3516 potest,
648 3440 784 3517 provide:
806 3458 868 3498 non
889 3439 944 3498 dici
958 3448 1064 3516 potest,
1079 3455 1166 3516 quam
