2454 3842
68 289 113 350 sp.
132 273 187 356 54]
282 282 394 334 urrsr.
418 285 468 332 An
489 273 653 334 arrrounr'
677 287 752 333 vrrr.
777 291 807 356 3.
957 285 1015 354 137

68 446 139 520 Age
153 444 220 508 iam,
232 462 300 502 cum
314 442 400 501 fratre
415 462 452 501 an
468 444 529 503 sine
544 462 581 502 eo
596 462 663 502 cum
677 443 758 500 filio?
778 458 816 499 an
831 457 890 517 quo
906 441 1016 500 modo?

67 544 100 600 in
117 551 239 618 utraque
258 544 335 601 enirn
355 562 386 601 re
404 560 518 602 summa
535 541 686 600 difficultas
705 541 766 612 erit,
781 557 913 599 summus
928 540 1016 598 animi

67 640 165 699 dolor.
208 640 268 712 Qui
292 652 389 699 autem
413 642 538 717 impetus
560 639 634 699 illius
658 641 712 698 erit
739 640 770 696 in
798 656 853 696 nos
881 639 1016 696 absentes

66 739 261 814 fortunasque
281 741 417 798 nostras?
459 740 562 798 Acrior
583 757 672 814 quam
692 739 723 796 in
743 748 915 807 ceterorum,
935 735 1016 811 quod

66 838 184 914 putabit
216 837 337 896 sortasse
369 841 399 895 in
430 838 516 897 nobis
543 837 684 896 violandis
712 836 820 912 aliquid
848 854 880 894 se
908 834 1016 893 habere

67 934 221 1010 populare.
264 937 331 1012 Age
352 938 419 1008 iam,
438 937 492 996 has
513 937 680 1013 compedes,
701 935 801 1006 fasces,
818 936 945 1009 inquam,
961 933 1016 991 bos

67 1032 216 1092 laureatos
244 1035 345 1094 efferre
374 1055 410 1096 ex
439 1036 522 1094 Italia
549 1052 636 1111 quam
666 1033 820 1091 molestum
849 1035 908 1091 estl
955 1031 1015 1102 Qui

67 1139 171 1188 autem
185 1131 266 1191 locus
279 1135 331 1190 erit
346 1134 431 1191 nobis
446 1143 530 1203 tutus,
546 1141 578 1190 ut
596 1133 655 1190 iarn
672 1131 793 1207 placatis
811 1141 926 1188 utamur
944 1127 1016 1185 fluc-

67 1227 158 1300 tibus,
173 1239 343 1306 antequam
357 1231 395 1290 ad
408 1230 487 1288 illum
499 1231 681 1288 venerimus?
701 1247 759 1306 qua
773 1237 869 1287 autem
884 1236 933 1286 aut
948 1243 1016 1302 qu0‚

69 1325 145 1383 nihil
166 1329 281 1386 scimus.
324 1330 350 1387 6.
378 1328 419 1386 At
443 1329 467 1388 si
482 1328 621 1386 restitero*
636 1337 665 1386 et
689 1327 772 1385 luerit
797 1327 882 1386 nobis
907 1327 938 1384 in
961 1325 1016 1382 hac

68 1435 154 1500 parte
169 1425 259 1496 locus,
283 1426 361 1486 idem
386 1427 593 1503 lece10,qu0d
617 1429 647 1484 in
675 1426 788 1486 Cinnae
816 1425 1016 1485 dominatione

68 1521 232 1599 Philippus,
255 1525 336 1601 quod
363 1524 397 1583 L.
419 1525 550 1597 Flaccus,
576 1526 656 1601 quod
681 1526 719 1598 Q.
742 1525 868 1596 MuciuS,
894 1540 1015 1599 quoquo

69 1621 165 1680 modo
186 1639 288 1681 cares
310 1623 377 1683 huic
398 1624 518 1700 quidem
539 1625 651 1694 cecidit,
672 1626 721 1700 qui
742 1634 841 1682 tamen
861 1624 901 1682 ita
922 1623 1017 1680 dicere

67 1720 193 1792 solebat,
205 1737 236 1780 se
251 1721 280 1780 id
294 1721 355 1781 fore
366 1722 469 1795 videre,
482 1723 563 1799 quod
577 1722 685 1781 factum
700 1731 752 1795 est,
764 1723 815 1782 sed
830 1721 915 1780 malle
929 1738 1018 1798 quam

67 1829 216 1878 annatum
230 1821 269 1878 ad
282 1821 391 1896 patriae
402 1822 519 1880 moenia
529 1821 676 1880 accedere.
707 1821 798 1880 Aliter
808 1820 1016 1897 Thrasybulus,

69 1928 102 1977 et
115 1917 238 1977 fortasse
253 1920 355 1978 melius
363 1940 371 1993 ;
393 1922 445 1979 sed
459 1929 503 1979 est
518 1931 595 1980 certa
610 1920 754 1997 quaedam
769 1921 815 1978 illa
834 1919 925 1977 Mucii
945 1919 1017 1975 ratio

70 2028 162 2095 atque
189 2020 340 2091 sententia,
368 2030 412 2078 est
440 2019 486 2077 illa
514 2020 601 2078 etiam
631 2015 790 2098 [Philippi],
819 2028 856 2088 et,
886 2035 953 2075 curn
983 2017 1018 2072 sit

69 2134 204 2187 necesse,
220 2118 324 2176 servire
338 2117 463 2193 tempori
483 2127 512 2175 et
529 2134 591 2174 non
611 2117 740 2175 amittere
759 2125 883 2192 tempus,
895 2133 962 2172 cum
983 2115 1018 2172 sit

69 2215 182 2274 datum.
233 2214 291 2273 Sed
319 2216 350 2273 in
377 2216 434 2274 hoc
462 2217 528 2291 ipso
556 2215 665 2274 habent
692 2224 791 2272 tamen
818 2213 896 2272 idem
924 2210 1018 2269 fasces

68 2313 251 2372 molestiam:
281 2314 317 2390 sit
341 2314 420 2371 enim
444 2313 531 2372 nobis
556 2315 675 2385 amicus,
698 2312 779 2389 quod
803 2312 1016 2380 incertumst,

69 2413 126 2472 sed
144 2412 195 2470 sit:
218 2412 326 2471 deseret
345 2413 531 2489 triumphum.
575 2411 645 2470 Non
663 2412 803 2486 accipere,
815 2412 836 2481 †
850 2425 888 2466 ne
908 2409 1019 2484 pericu-

68 2514 169 2572 losum
183 2511 226 2581 sit,
242 2510 415 2570 invidiosum
429 2512 466 2570 ad
480 2512 583 2569 bonos.
627 2509 655 2568 Ο
669 2527 740 2579 rem,
755 2509 858 2584 inquis,
874 2506 1018 2565 difficilem

1 2670 2 2673 ,
69 2621 101 2669 et
120 2609 367 2684 inexplicabileml
389 2610 467 2686 atqui
487 2608 659 2685 explicanda
676 2617 727 2666 est
771 2606 851 2679 Quid
866 2606 944 2664 enim
958 2605 1018 2663 fieri

68 2710 190 2787 potest?
213 2726 247 2767 ac
267 2725 366 2766 neme
380 2707 552 2766 existimaris
567 2707 605 2764 ad
618 2705 798 2764 manendum
813 2723 877 2763 esse
891 2723 1019 2782 propen-

71 2809 191 2877 siorem,
206 2807 286 2882 quod
304 2805 389 2882 plura
406 2807 437 2863 in
456 2813 651 2880 campartem
670 2805 758 2862 verba
778 2803 903 2872 fecerim,
923 2813 1020 2880 potest

72 2906 146 2975 fieri,
155 2905 235 2980 quod
246 2905 277 2962 fit
291 2905 320 2961 in
335 2904 432 2961 multis
446 2903 674 2978 quaestionibus,
683 2909 715 2960 ut
725 2919 771 2960 res
784 2903 934 2960 verbosior
947 2901 1020 2961 haec

71 3004 168 3074 fuerit,
183 3003 230 3060 illa
248 3003 350 3062 verior.
393 3001 492 3073 Quam
511 3001 550 3057 ob
565 3017 626 3057 rem
640 3009 672 3057 ut
686 3001 814 3058 maxima
827 2999 864 3058 de
878 3019 909 3059 re
924 3017 1019 3076 aequo

73 3103 175 3162 animo
189 3100 366 3171 deliberanti,
377 3101 417 3158 ita
431 3099 502 3156 mihi
517 3098 570 3156 des
584 3097 738 3157 consilium
752 3098 845 3156 velim.
888 3097 977 3157 Navis
992 3107 1020 3155 et

72 3203 105 3260 in
132 3199 233 3259 Caieta
256 3208 300 3257 est
324 3185 426 3274 parata
448 3196 534 3254 nobis
563 3205 591 3254 et
620 3194 773 3253 Brundisii.
818 3209 842 3270 7.
868 3195 927 3254 Sed
951 3210 1020 3253 ecce

73 3299 169 3358 nuntii
180 3298 321 3356 scribente
331 3313 379 3354 me
390 3295 463 3354 haec
474 3295 538 3370 ipsa
548 3303 638 3353 noctu
650 3295 679 3351 in
692 3292 813 3365 Calen0,
823 3310 891 3352 ecce
903 3293 1021 3363 litterae,

73 3397 231 3457 Caesarem
256 3395 293 3454 ad
319 3393 489 3464 Corfinium,
513 3392 676 3451 Domitium
700 3391 821 3451 Corfinii
846 3408 913 3451 cum
936 3391 1020 3448 firmo

73 3496 203 3555 exercitu
231 3502 260 3554 et
286 3510 418 3571 pugnare
450 3493 592 3567 cupiente.
635 3491 706 3551 Non
738 3500 810 3567 puto
843 3492 929 3549 etiam
964 3489 1020 3547 boc
