<?xml version="1.0" encoding="UTF-8"?>
<!DOCTYPE html PUBLIC "-//W3C//DTD XHTML 1.0 Transitional//EN"
    "http://www.w3.org/TR/xhtml1/DTD/xhtml1-transitional.dtd">
<html xmlns="http://www.w3.org/1999/xhtml" xml:lang="en" lang="en">
 <head>
  <title>
</title>
<meta http-equiv="Content-Type" content="text/html;charset=utf-8" />
  <meta name='ocr-system' content='tesseract 3.04.00' />
  <meta name='ocr-capabilities' content='ocr_page ocr_carea ocr_par ocr_line ocrx_word'/>
</head>
<body>
  <div class='ocr_page' id='page_1' title='image "./epistolaeselect00watsgoog/epistolaeselect00watsgoog_0096.png"; bbox 0 0 2454 3842; ppageno 0'>
   <div class='ocr_carea' id='block_1_1' title="bbox 68 223 1030 312">
    <p class='ocr_par' dir='ltr' id='par_1_1' title="bbox 68 223 1030 312">
     <span class='ocr_line' id='line_1_1' title="bbox 68 223 1030 312; baseline 0.002 -27"><span class='ocrx_word' id='word_1_1' title='bbox 68 237 125 301; x_wconf 77' lang='lat' dir='ltr'><strong>ap.</strong></span> <span class='ocrx_word' id='word_1_2' title='bbox 144 223 199 308; x_wconf 83' lang='lat'>29.]</span> <span class='ocrx_word' id='word_1_3' title='bbox 293 237 406 288; x_wconf 71' lang='lat' dir='ltr'><strong>aaran.</strong></span> <span class='ocrx_word' id='word_1_4' title='bbox 429 237 479 286; x_wconf 75' lang='lat' dir='ltr'><strong>ro</strong></span> <span class='ocrx_word' id='word_1_5' title='bbox 499 238 721 288; x_wconf 73' lang='lat' dir='ltr'><strong>ranrrmnrs</strong></span> <span class='ocrx_word' id='word_1_6' title='bbox 743 241 768 288; x_wconf 87' lang='lat'><strong>1.</strong></span> <span class='ocrx_word' id='word_1_7' title='bbox 791 246 821 312; x_wconf 91' lang='lat'><strong>9.</strong></span> <span class='ocrx_word' id='word_1_8' title='bbox 990 238 1030 308; x_wconf 87' lang='lat'><strong>75</strong></span> 
     </span>
    </p>
   </div>
   <div class='ocr_carea' id='block_1_2' title="bbox 71 387 1031 3526">
    <p class='ocr_par' dir='ltr' id='par_1_2' title="bbox 71 387 1031 3526">
     <span class='ocr_line' id='line_1_2' title="bbox 71 387 1031 467; baseline 0.001 -21"><span class='ocrx_word' id='word_1_9' title='bbox 71 387 273 461; x_wconf 84' lang='lat' dir='ltr'><strong>ulciscendis,</strong></span> <span class='ocrx_word' id='word_1_10' title='bbox 301 408 376 467; x_wconf 92' lang='lat' dir='ltr'><strong>quos</strong></span> <span class='ocrx_word' id='word_1_11' title='bbox 409 391 461 448; x_wconf 87' lang='lat' dir='ltr'><strong>tibi</strong></span> <span class='ocrx_word' id='word_1_12' title='bbox 494 391 597 467; x_wconf 87' lang='lat' dir='ltr'><strong>partim</strong></span> <span class='ocrx_word' id='word_1_13' title='bbox 627 389 761 448; x_wconf 88' lang='lat' dir='ltr'><strong>inimicos</strong></span> <span class='ocrx_word' id='word_1_14' title='bbox 793 407 857 447; x_wconf 89' lang='lat' dir='ltr'><strong>esse</strong></span> <span class='ocrx_word' id='word_1_15' title='bbox 889 388 1031 464; x_wconf 85' lang='lat' dir='ltr'>intellegis</span> 
     </span>
     <span class='ocr_line' id='line_1_3' title="bbox 72 489 1031 565; baseline 0.004 -23"><span class='ocrx_word' id='word_1_16' title='bbox 72 496 208 562; x_wconf 91' lang='lat' dir='ltr'><strong>propter</strong></span> <span class='ocrx_word' id='word_1_17' title='bbox 232 497 313 546; x_wconf 91' lang='lat' dir='ltr'><strong>tuam</strong></span> <span class='ocrx_word' id='word_1_18' title='bbox 334 489 599 565; x_wconf 81' lang='lat' dir='ltr'>propugnationem</span> <span class='ocrx_word' id='word_1_19' title='bbox 620 489 718 547; x_wconf 90' lang='lat' dir='ltr'><strong>salutis</strong></span> <span class='ocrx_word' id='word_1_20' title='bbox 742 507 835 559; x_wconf 91' lang='lat' dir='ltr'><strong>meae,</strong></span> <span class='ocrx_word' id='word_1_21' title='bbox 857 489 962 564; x_wconf 90' lang='lat' dir='ltr'><strong>partim</strong></span> <span class='ocrx_word' id='word_1_22' title='bbox 986 489 1031 546; x_wconf 92' lang='lat' dir='ltr'><strong>in·</strong></span> 
     </span>
     <span class='ocr_line' id='line_1_4' title="bbox 71 583 1029 664; baseline 0.004 -23"><span class='ocrx_word' id='word_1_23' title='bbox 71 583 186 643; x_wconf 88' lang='lat' dir='ltr'><strong>videre</strong></span> <span class='ocrx_word' id='word_1_24' title='bbox 212 595 332 663; x_wconf 92' lang='lat' dir='ltr'><strong>propter</strong></span> <span class='ocrx_word' id='word_1_25' title='bbox 353 587 427 646; x_wconf 89' lang='lat' dir='ltr'><strong>illius</strong></span> <span class='ocrx_word' id='word_1_26' title='bbox 455 588 576 646; x_wconf 88' lang='lat' dir='ltr'><strong>actionis</strong></span> <span class='ocrx_word' id='word_1_27' title='bbox 603 587 822 664; x_wconf 88' lang='lat' dir='ltr'><strong>amplitudinem</strong></span> <span class='ocrx_word' id='word_1_28' title='bbox 847 597 876 644; x_wconf 92' lang='lat' dir='ltr'><strong>et</strong></span> <span class='ocrx_word' id='word_1_29' title='bbox 900 587 1029 663; x_wconf 85' lang='lat' dir='ltr'>gloriam,</span> 
     </span>
     <span class='ocr_line' id='line_1_5' title="bbox 72 685 1031 764; baseline 0.003 -22"><span class='ocrx_word' id='word_1_30' title='bbox 72 685 241 743; x_wconf 88' lang='lat' dir='ltr'><strong>mirificum</strong></span> <span class='ocrx_word' id='word_1_31' title='bbox 262 705 310 745; x_wconf 92' lang='lat' dir='ltr'><strong>me</strong></span> <span class='ocrx_word' id='word_1_32' title='bbox 330 687 382 745; x_wconf 90' lang='lat' dir='ltr'><strong>tibi</strong></span> <span class='ocrx_word' id='word_1_33' title='bbox 398 689 536 747; x_wconf 90' lang='lat' dir='ltr'><strong>comitem</strong></span> <span class='ocrx_word' id='word_1_34' title='bbox 555 688 770 764; x_wconf 84' lang='lat' dir='ltr'><strong>praebuissem:</strong></span> <span class='ocrx_word' id='word_1_35' title='bbox 791 704 970 762; x_wconf 87' lang='lat' dir='ltr'><strong>quamquam</strong></span> <span class='ocrx_word' id='word_1_36' title='bbox 983 686 1031 745; x_wconf 91' lang='lat' dir='ltr'><strong>ille</strong></span> 
     </span>
     <span class='ocr_line' id='line_1_6' title="bbox 73 784 1029 862; baseline -0.002 -20"><span class='ocrx_word' id='word_1_37' title='bbox 73 785 225 860; x_wconf 90' lang='lat' dir='ltr'><strong>perennis</strong></span> <span class='ocrx_word' id='word_1_38' title='bbox 249 784 382 844; x_wconf 92' lang='lat' dir='ltr'><strong>inimicus</strong></span> <span class='ocrx_word' id='word_1_39' title='bbox 410 787 569 844; x_wconf 86' lang='lat' dir='ltr'><strong>amicorum</strong></span> <span class='ocrx_word' id='word_1_40' title='bbox 590 804 719 858; x_wconf 90' lang='lat' dir='ltr'><strong>suorum,</strong></span> <span class='ocrx_word' id='word_1_41' title='bbox 741 785 790 862; x_wconf 93' lang='lat' dir='ltr'><strong>qui</strong></span> <span class='ocrx_word' id='word_1_42' title='bbox 818 785 873 843; x_wconf 90' lang='lat' dir='ltr'><strong>tuis</strong></span> <span class='ocrx_word' id='word_1_43' title='bbox 893 784 1029 841; x_wconf 86' lang='lat' dir='ltr'><strong>maximis</strong></span> 
     </span>
     <span class='ocr_line' id='line_1_7' title="bbox 73 879 1029 961; baseline -0.001 -20"><span class='ocrx_word' id='word_1_44' title='bbox 73 882 236 942; x_wconf 88' lang='lat' dir='ltr'><strong>beneficiis</strong></span> <span class='ocrx_word' id='word_1_45' title='bbox 250 894 368 943; x_wconf 88' lang='lat' dir='ltr'><strong>omatus</strong></span> <span class='ocrx_word' id='word_1_46' title='bbox 382 886 412 942; x_wconf 90' lang='lat' dir='ltr'><strong>in</strong></span> <span class='ocrx_word' id='word_1_47' title='bbox 426 896 455 943; x_wconf 89' lang='lat' dir='ltr'><strong>te</strong></span> <span class='ocrx_word' id='word_1_48' title='bbox 466 879 647 961; x_wconf 84' lang='lat' dir='ltr'><strong>potissimum</strong></span> <span class='ocrx_word' id='word_1_49' title='bbox 662 883 782 944; x_wconf 81' lang='lat' dir='ltr'><strong>fractam</strong></span> <span class='ocrx_word' id='word_1_50' title='bbox 797 884 874 942; x_wconf 88' lang='lat' dir='ltr'><strong>illam</strong></span> <span class='ocrx_word' id='word_1_51' title='bbox 888 892 917 942; x_wconf 92' lang='lat' dir='ltr'><strong>et</strong></span> <span class='ocrx_word' id='word_1_52' title='bbox 931 882 1029 941; x_wconf 92' lang='lat' dir='ltr'><strong>debili-</strong></span> 
     </span>
     <span class='ocr_line' id='line_1_8' title="bbox 73 981 1029 1057; baseline -0.002 -18"><span class='ocrx_word' id='word_1_53' title='bbox 73 990 178 1040; x_wconf 88' lang='lat' dir='ltr'><strong>tatam</strong></span> <span class='ocrx_word' id='word_1_54' title='bbox 201 981 259 1040; x_wconf 92' lang='lat' dir='ltr'><strong>vim</strong></span> <span class='ocrx_word' id='word_1_55' title='bbox 281 1001 364 1041; x_wconf 90' lang='lat' dir='ltr'><strong>suam</strong></span> <span class='ocrx_word' id='word_1_56' title='bbox 387 983 514 1055; x_wconf 90' lang='lat' dir='ltr'><strong>contulit,</strong></span> <span class='ocrx_word' id='word_1_57' title='bbox 539 992 669 1042; x_wconf 85' lang='lat' dir='ltr'><strong>nostram</strong></span> <span class='ocrx_word' id='word_1_58' title='bbox 688 985 781 1042; x_wconf 89' lang='lat' dir='ltr'><strong>vicem</strong></span> <span class='ocrx_word' id='word_1_59' title='bbox 804 983 879 1040; x_wconf 91' lang='lat' dir='ltr'><strong>ultus</strong></span> <span class='ocrx_word' id='word_1_60' title='bbox 901 991 944 1039; x_wconf 89' lang='lat' dir='ltr'><strong>est</strong></span> <span class='ocrx_word' id='word_1_61' title='bbox 966 981 1029 1057; x_wconf 91' lang='lat' dir='ltr'><strong>ipse</strong></span> 
     </span>
     <span class='ocr_line' id='line_1_9' title="bbox 74 1078 1030 1158; baseline -0.003 -20"><span class='ocrx_word' id='word_1_62' title='bbox 74 1097 170 1152; x_wconf 88' lang='lat' dir='ltr'><strong>sese;</strong></span> <span class='ocrx_word' id='word_1_63' title='bbox 192 1098 228 1138; x_wconf 91' lang='lat' dir='ltr'><strong>ea</strong></span> <span class='ocrx_word' id='word_1_64' title='bbox 244 1090 287 1139; x_wconf 89' lang='lat' dir='ltr'><strong>est</strong></span> <span class='ocrx_word' id='word_1_65' title='bbox 307 1083 385 1140; x_wconf 92' lang='lat' dir='ltr'><strong>enim</strong></span> <span class='ocrx_word' id='word_1_66' title='bbox 404 1091 534 1152; x_wconf 90' lang='lat' dir='ltr'><strong>conatus,</strong></span> <span class='ocrx_word' id='word_1_67' title='bbox 549 1082 654 1158; x_wconf 90' lang='lat' dir='ltr'><strong>quibus</strong></span> <span class='ocrx_word' id='word_1_68' title='bbox 674 1081 825 1158; x_wconf 80' lang='lat' dir='ltr'><strong>patefactis</strong></span> <span class='ocrx_word' id='word_1_69' title='bbox 846 1079 955 1138; x_wconf 89' lang='lat' dir='ltr'><strong>nullam</strong></span> <span class='ocrx_word' id='word_1_70' title='bbox 974 1078 1030 1136; x_wconf 92' lang='lat' dir='ltr'><strong>sibi</strong></span> 
     </span>
     <span class='ocr_line' id='line_1_10' title="bbox 74 1177 1028 1256; baseline -0.001 -21"><span class='ocrx_word' id='word_1_71' title='bbox 74 1178 115 1234; x_wconf 92' lang='lat' dir='ltr'><strong>in</strong></span> <span class='ocrx_word' id='word_1_72' title='bbox 130 1186 282 1254; x_wconf 91' lang='lat' dir='ltr'><strong>posterum</strong></span> <span class='ocrx_word' id='word_1_73' title='bbox 295 1185 357 1238; x_wconf 88' lang='lat' dir='ltr'><strong>rlon</strong></span> <span class='ocrx_word' id='word_1_74' title='bbox 370 1181 461 1239; x_wconf 92' lang='lat' dir='ltr'><strong>modo</strong></span> <span class='ocrx_word' id='word_1_75' title='bbox 476 1181 622 1256; x_wconf 84' lang='lat' dir='ltr'><strong>dignitatis</strong></span> <span class='ocrx_word' id='word_1_76' title='bbox 638 1180 690 1240; x_wconf 89' lang='lat' dir='ltr'><strong>sed</strong></span> <span class='ocrx_word' id='word_1_77' title='bbox 705 1199 742 1240; x_wconf 94' lang='lat' dir='ltr'><strong>ne</strong></span> <span class='ocrx_word' id='word_1_78' title='bbox 760 1179 897 1238; x_wconf 89' lang='lat' dir='ltr'><strong>libertatis</strong></span> <span class='ocrx_word' id='word_1_79' title='bbox 911 1177 1028 1254; x_wconf 88' lang='lat' dir='ltr'><strong>quidem</strong></span> 
     </span>
     <span class='ocr_line' id='line_1_11' title="bbox 73 1276 1029 1354; baseline 0 -20"><span class='ocrx_word' id='word_1_80' title='bbox 73 1286 200 1352; x_wconf 85' lang='lat' dir='ltr'><strong>partem</strong></span> <span class='ocrx_word' id='word_1_81' title='bbox 213 1278 334 1354; x_wconf 88' lang='lat' dir='ltr'><strong>reliquit.</strong></span> <span class='ocrx_word' id='word_1_82' title='bbox 377 1299 404 1354; x_wconf 83' lang='lat'><strong>3.</strong></span> <span class='ocrx_word' id='word_1_83' title='bbox 426 1279 473 1338; x_wconf 92' lang='lat' dir='ltr'><strong>Te</strong></span> <span class='ocrx_word' id='word_1_84' title='bbox 492 1291 588 1338; x_wconf 90' lang='lat' dir='ltr'><strong>autem</strong></span> <span class='ocrx_word' id='word_1_85' title='bbox 607 1281 660 1338; x_wconf 90' lang='lat' dir='ltr'><strong>etsi</strong></span> <span class='ocrx_word' id='word_1_86' title='bbox 680 1279 796 1338; x_wconf 88' lang='lat' dir='ltr'><strong>mallem</strong></span> <span class='ocrx_word' id='word_1_87' title='bbox 812 1279 843 1336; x_wconf 91' lang='lat' dir='ltr'><strong>in</strong></span> <span class='ocrx_word' id='word_1_88' title='bbox 857 1278 929 1336; x_wconf 90' lang='lat' dir='ltr'><strong>meis</strong></span> <span class='ocrx_word' id='word_1_89' title='bbox 942 1276 1029 1334; x_wconf 91' lang='lat' dir='ltr'><strong>rebus</strong></span> 
     </span>
     <span class='ocr_line' id='line_1_12' title="bbox 73 1376 1028 1454; baseline -0.001 -20"><span class='ocrx_word' id='word_1_90' title='bbox 73 1386 239 1453; x_wconf 85' lang='lat' dir='ltr'><strong>expertum</strong></span> <span class='ocrx_word' id='word_1_91' title='bbox 258 1396 346 1454; x_wconf 91' lang='lat' dir='ltr'><strong>quam</strong></span> <span class='ocrx_word' id='word_1_92' title='bbox 366 1379 453 1437; x_wconf 90' lang='lat' dir='ltr'><strong>etiam</strong></span> <span class='ocrx_word' id='word_1_93' title='bbox 472 1379 587 1450; x_wconf 81' lang='lat' dir='ltr'><strong>intuis,</strong></span> <span class='ocrx_word' id='word_1_94' title='bbox 602 1388 701 1437; x_wconf 88' lang='lat' dir='ltr'><strong>tamen</strong></span> <span class='ocrx_word' id='word_1_95' title='bbox 719 1379 749 1436; x_wconf 90' lang='lat' dir='ltr'><strong>in</strong></span> <span class='ocrx_word' id='word_1_96' title='bbox 767 1378 900 1436; x_wconf 89' lang='lat' dir='ltr'><strong>molestia</strong></span> <span class='ocrx_word' id='word_1_97' title='bbox 913 1376 1028 1453; x_wconf 84' lang='lat' dir='ltr'><strong>gaudeo</strong></span> 
     </span>
     <span class='ocr_line' id='line_1_13' title="bbox 74 1475 1027 1553; baseline 0 -20"><span class='ocrx_word' id='word_1_98' title='bbox 74 1493 152 1534; x_wconf 91' lang='lat' dir='ltr'><strong>eam</strong></span> <span class='ocrx_word' id='word_1_99' title='bbox 174 1475 263 1534; x_wconf 89' lang='lat' dir='ltr'><strong>fidem</strong></span> <span class='ocrx_word' id='word_1_100' title='bbox 283 1494 428 1552; x_wconf 86' lang='lat' dir='ltr'><strong>cognosse</strong></span> <span class='ocrx_word' id='word_1_101' title='bbox 449 1477 602 1536; x_wconf 89' lang='lat' dir='ltr'><strong>hominum</strong></span> <span class='ocrx_word' id='word_1_102' title='bbox 618 1495 680 1536; x_wconf 89' lang='lat' dir='ltr'><strong>non</strong></span> <span class='ocrx_word' id='word_1_103' title='bbox 699 1477 740 1536; x_wconf 87' lang='lat' dir='ltr'><strong>ita</strong></span> <span class='ocrx_word' id='word_1_104' title='bbox 758 1495 867 1553; x_wconf 88' lang='lat' dir='ltr'><strong>magna</strong></span> <span class='ocrx_word' id='word_1_105' title='bbox 883 1475 1027 1544; x_wconf 87' lang='lat' dir='ltr'><strong>mercede,</strong></span> 
     </span>
     <span class='ocr_line' id='line_1_14' title="bbox 74 1575 1028 1652; baseline 0.002 -21"><span class='ocrx_word' id='word_1_106' title='bbox 74 1591 175 1650; x_wconf 87' lang='lat' dir='ltr'><strong>quam</strong></span> <span class='ocrx_word' id='word_1_107' title='bbox 189 1591 246 1650; x_wconf 89' lang='lat' dir='ltr'><strong>ego</strong></span> <span class='ocrx_word' id='word_1_108' title='bbox 261 1577 391 1634; x_wconf 81' lang='lat' dir='ltr'><strong>maximo</strong></span> <span class='ocrx_word' id='word_1_109' title='bbox 406 1576 506 1634; x_wconf 90' lang='lat' dir='ltr'><strong>dolore</strong></span> <span class='ocrx_word' id='word_1_110' title='bbox 520 1594 697 1652; x_wconf 90' lang='lat' dir='ltr'><strong>cognoram;</strong></span> <span class='ocrx_word' id='word_1_111' title='bbox 720 1576 757 1634; x_wconf 93' lang='lat' dir='ltr'><strong>de</strong></span> <span class='ocrx_word' id='word_1_112' title='bbox 771 1594 829 1652; x_wconf 92' lang='lat' dir='ltr'><strong>qua</strong></span> <span class='ocrx_word' id='word_1_113' title='bbox 842 1575 952 1633; x_wconf 90' lang='lat' dir='ltr'><strong>ratione</strong></span> <span class='ocrx_word' id='word_1_114' title='bbox 967 1582 1028 1633; x_wconf 88' lang='lat' dir='ltr'><strong>tota</strong></span> 
     </span>
     <span class='ocr_line' id='line_1_15' title="bbox 75 1673 1028 1750; baseline -0.001 -20"><span class='ocrx_word' id='word_1_115' title='bbox 75 1673 143 1730; x_wconf 89' lang='lat' dir='ltr'><strong>iam</strong></span> <span class='ocrx_word' id='word_1_116' title='bbox 158 1673 271 1733; x_wconf 90' lang='lat' dir='ltr'><strong>videtur</strong></span> <span class='ocrx_word' id='word_1_117' title='bbox 283 1674 354 1732; x_wconf 91' lang='lat' dir='ltr'><strong>mihi</strong></span> <span class='ocrx_word' id='word_1_118' title='bbox 367 1674 536 1750; x_wconf 84' lang='lat' dir='ltr'><strong>exponendi</strong></span> <span class='ocrx_word' id='word_1_119' title='bbox 549 1683 664 1750; x_wconf 91' lang='lat' dir='ltr'><strong>tempus</strong></span> <span class='ocrx_word' id='word_1_120' title='bbox 679 1674 749 1746; x_wconf 89' lang='lat' dir='ltr'><strong>dari,</strong></span> <span class='ocrx_word' id='word_1_121' title='bbox 761 1683 792 1732; x_wconf 90' lang='lat' dir='ltr'><strong>ut</strong></span> <span class='ocrx_word' id='word_1_122' title='bbox 806 1673 856 1732; x_wconf 89' lang='lat' dir='ltr'><strong>tibi</strong></span> <span class='ocrx_word' id='word_1_123' title='bbox 870 1673 1028 1732; x_wconf 90' lang='lat' dir='ltr'><strong>rescribam</strong></span> 
     </span>
     <span class='ocr_line' id='line_1_16' title="bbox 76 1773 1028 1850; baseline -0.002 -18"><span class='ocrx_word' id='word_1_124' title='bbox 76 1774 121 1832; x_wconf 89' lang='lat' dir='ltr'><strong>ad</strong></span> <span class='ocrx_word' id='word_1_125' title='bbox 136 1792 181 1844; x_wconf 85' lang='lat' dir='ltr'><strong>ea,</strong></span> <span class='ocrx_word' id='word_1_126' title='bbox 196 1791 271 1850; x_wconf 89' lang='lat' dir='ltr'><strong>quae</strong></span> <span class='ocrx_word' id='word_1_127' title='bbox 292 1775 414 1850; x_wconf 87' lang='lat' dir='ltr'><strong>quaeris.</strong></span> <span class='ocrx_word' id='word_1_128' title='bbox 457 1792 484 1846; x_wconf 89' lang='grc'><strong>4.</strong></span> <span class='ocrx_word' id='word_1_129' title='bbox 507 1773 666 1833; x_wconf 87' lang='lat' dir='ltr'><strong>Certiorem</strong></span> <span class='ocrx_word' id='word_1_130' title='bbox 683 1782 711 1832; x_wconf 91' lang='lat' dir='ltr'><strong>te</strong></span> <span class='ocrx_word' id='word_1_131' title='bbox 729 1793 781 1850; x_wconf 90' lang='lat' dir='ltr'><strong>per</strong></span> <span class='ocrx_word' id='word_1_132' title='bbox 801 1774 907 1832; x_wconf 88' lang='lat' dir='ltr'><strong>litteras</strong></span> <span class='ocrx_word' id='word_1_133' title='bbox 927 1773 1028 1831; x_wconf 91' lang='lat' dir='ltr'><strong>scribis</strong></span> 
     </span>
     <span class='ocr_line' id='line_1_17' title="bbox 76 1871 1027 1949; baseline -0.002 -18"><span class='ocrx_word' id='word_1_134' title='bbox 76 1891 149 1931; x_wconf 89' lang='lat' dir='ltr'><strong>esse</strong></span> <span class='ocrx_word' id='word_1_135' title='bbox 163 1871 272 1931; x_wconf 85' lang='lat' dir='ltr'><strong>lactum</strong></span> <span class='ocrx_word' id='word_1_136' title='bbox 285 1891 333 1931; x_wconf 93' lang='lat' dir='ltr'><strong>me</strong></span> <span class='ocrx_word' id='word_1_137' title='bbox 348 1891 415 1931; x_wconf 91' lang='lat' dir='ltr'><strong>cum</strong></span> <span class='ocrx_word' id='word_1_138' title='bbox 430 1872 555 1931; x_wconf 87' lang='lat' dir='ltr'><strong>Caesare</strong></span> <span class='ocrx_word' id='word_1_139' title='bbox 569 1882 598 1931; x_wconf 90' lang='lat' dir='ltr'><strong>et</strong></span> <span class='ocrx_word' id='word_1_140' title='bbox 612 1891 679 1931; x_wconf 93' lang='lat' dir='ltr'><strong>cum</strong></span> <span class='ocrx_word' id='word_1_141' title='bbox 693 1873 792 1949; x_wconf 90' lang='lat' dir='ltr'><strong>Appio</strong></span> <span class='ocrx_word' id='word_1_142' title='bbox 806 1891 868 1932; x_wconf 91' lang='lat' dir='ltr'><strong>esse</strong></span> <span class='ocrx_word' id='word_1_143' title='bbox 882 1873 913 1929; x_wconf 91' lang='lat' dir='ltr'><strong>in</strong></span> <span class='ocrx_word' id='word_1_144' title='bbox 926 1872 1027 1948; x_wconf 87' lang='lat' dir='ltr'><strong>gratia,</strong></span> 
     </span>
     <span class='ocr_line' id='line_1_18' title="bbox 75 1970 1027 2048; baseline 0 -20"><span class='ocrx_word' id='word_1_145' title='bbox 75 1981 171 2048; x_wconf 90' lang='lat' dir='ltr'><strong>teque</strong></span> <span class='ocrx_word' id='word_1_146' title='bbox 193 1970 224 2028; x_wconf 92' lang='lat' dir='ltr'><strong>id</strong></span> <span class='ocrx_word' id='word_1_147' title='bbox 244 1989 305 2030; x_wconf 91' lang='lat' dir='ltr'><strong>non</strong></span> <span class='ocrx_word' id='word_1_148' title='bbox 329 1971 539 2047; x_wconf 90' lang='lat' dir='ltr'><strong>reprehendere</strong></span> <span class='ocrx_word' id='word_1_149' title='bbox 563 1971 722 2044; x_wconf 89' lang='lat' dir='ltr'><strong>adscribis;</strong></span> <span class='ocrx_word' id='word_1_150' title='bbox 756 1971 906 2029; x_wconf 85' lang='lat' dir='ltr'><strong>Vatinium</strong></span> <span class='ocrx_word' id='word_1_151' title='bbox 930 1980 1027 2029; x_wconf 90' lang='lat' dir='ltr'><strong>autem</strong></span> 
     </span>
     <span class='ocr_line' id='line_1_19' title="bbox 79 2068 1027 2146; baseline -0.003 -17"><span class='ocrx_word' id='word_1_152' title='bbox 79 2071 159 2130; x_wconf 89' lang='lat' dir='ltr'><strong>scire</strong></span> <span class='ocrx_word' id='word_1_153' title='bbox 173 2080 201 2128; x_wconf 88' lang='lat' dir='ltr'><strong>te</strong></span> <span class='ocrx_word' id='word_1_154' title='bbox 219 2070 291 2129; x_wconf 91' lang='lat' dir='ltr'><strong>velle</strong></span> <span class='ocrx_word' id='word_1_155' title='bbox 308 2069 438 2130; x_wconf 92' lang='lat' dir='ltr'><strong>ostendis</strong></span> <span class='ocrx_word' id='word_1_156' title='bbox 457 2071 562 2146; x_wconf 93' lang='lat' dir='ltr'><strong>quibus</strong></span> <span class='ocrx_word' id='word_1_157' title='bbox 580 2072 666 2128; x_wconf 92' lang='lat' dir='ltr'><strong>rebus</strong></span> <span class='ocrx_word' id='word_1_158' title='bbox 685 2070 828 2129; x_wconf 91' lang='lat' dir='ltr'><strong>adductus</strong></span> <span class='ocrx_word' id='word_1_159' title='bbox 848 2068 1027 2129; x_wconf 85' lang='lat' dir='ltr'><strong>defenderim</strong></span> 
     </span>
     <span class='ocr_line' id='line_1_20' title="bbox 76 2167 1026 2245; baseline -0.003 -18"><span class='ocrx_word' id='word_1_160' title='bbox 76 2179 110 2227; x_wconf 91' lang='lat' dir='ltr'><strong>et</strong></span> <span class='ocrx_word' id='word_1_161' title='bbox 124 2168 274 2227; x_wconf 90' lang='lat' dir='ltr'><strong>laudarim.</strong></span> <span class='ocrx_word' id='word_1_162' title='bbox 317 2167 409 2240; x_wconf 90' lang='lat' dir='ltr'><strong>Quod</strong></span> <span class='ocrx_word' id='word_1_163' title='bbox 422 2169 473 2227; x_wconf 91' lang='lat' dir='ltr'><strong>tibi</strong></span> <span class='ocrx_word' id='word_1_164' title='bbox 491 2178 523 2227; x_wconf 92' lang='lat' dir='ltr'><strong>ut</strong></span> <span class='ocrx_word' id='word_1_165' title='bbox 540 2169 654 2244; x_wconf 91' lang='lat' dir='ltr'><strong>planius</strong></span> <span class='ocrx_word' id='word_1_166' title='bbox 671 2186 826 2245; x_wconf 86' lang='lat' dir='ltr'><strong>exponam,</strong></span> <span class='ocrx_word' id='word_1_167' title='bbox 841 2168 924 2225; x_wconf 89' lang='lat' dir='ltr'><strong>altius</strong></span> <span class='ocrx_word' id='word_1_168' title='bbox 938 2168 1026 2244; x_wconf 90' lang='lat' dir='ltr'><strong>paulo</strong></span> 
     </span>
     <span class='ocr_line' id='line_1_21' title="bbox 78 2265 1026 2344; baseline -0.001 -19"><span class='ocrx_word' id='word_1_169' title='bbox 78 2268 225 2326; x_wconf 89' lang='lat' dir='ltr'><strong>rationem</strong></span> <span class='ocrx_word' id='word_1_170' title='bbox 240 2267 427 2325; x_wconf 86' lang='lat' dir='ltr'><strong>consiliorum</strong></span> <span class='ocrx_word' id='word_1_171' title='bbox 441 2285 574 2326; x_wconf 88' lang='lat' dir='ltr'><strong>meorum</strong></span> <span class='ocrx_word' id='word_1_172' title='bbox 587 2276 717 2344; x_wconf 89' lang='lat' dir='ltr'><strong>repetam</strong></span> <span class='ocrx_word' id='word_1_173' title='bbox 731 2284 851 2325; x_wconf 90' lang='lat' dir='ltr'><strong>necesse</strong></span> <span class='ocrx_word' id='word_1_174' title='bbox 866 2275 917 2325; x_wconf 90' lang='lat' dir='ltr'><strong>est.</strong></span> <span class='ocrx_word' id='word_1_175' title='bbox 959 2265 1026 2342; x_wconf 88' lang='lat' dir='ltr'><strong>Ego</strong></span> 
     </span>
     <span class='ocr_line' id='line_1_22' title="bbox 79 2365 1026 2442; baseline -0.002 -18"><span class='ocrx_word' id='word_1_176' title='bbox 79 2385 141 2438; x_wconf 91' lang='lat' dir='ltr'><strong>me,</strong></span> <span class='ocrx_word' id='word_1_177' title='bbox 166 2365 296 2437; x_wconf 87' lang='lat' dir='ltr'><strong>Lentule,</strong></span> <span class='ocrx_word' id='word_1_178' title='bbox 324 2365 407 2424; x_wconf 92' lang='lat' dir='ltr'><strong>initio</strong></span> <span class='ocrx_word' id='word_1_179' title='bbox 430 2385 526 2424; x_wconf 90' lang='lat' dir='ltr'><strong>rerum</strong></span> <span class='ocrx_word' id='word_1_180' title='bbox 550 2376 636 2442; x_wconf 89' lang='lat' dir='ltr'><strong>atque</strong></span> <span class='ocrx_word' id='word_1_181' title='bbox 659 2366 807 2426; x_wconf 84' lang='lat' dir='ltr'><strong>actioniun</strong></span> <span class='ocrx_word' id='word_1_182' title='bbox 829 2376 943 2422; x_wconf 90' lang='lat' dir='ltr'><strong>tuarum</strong></span> <span class='ocrx_word' id='word_1_183' title='bbox 966 2382 1026 2422; x_wconf 93' lang='lat' dir='ltr'><strong>non</strong></span> 
     </span>
     <span class='ocr_line' id='line_1_23' title="bbox 81 2463 1026 2540; baseline -0.004 -16"><span class='ocrx_word' id='word_1_184' title='bbox 81 2464 182 2524; x_wconf 92' lang='lat' dir='ltr'><strong>solum</strong></span> <span class='ocrx_word' id='word_1_185' title='bbox 195 2465 267 2523; x_wconf 92' lang='lat' dir='ltr'><strong>meis</strong></span> <span class='ocrx_word' id='word_1_186' title='bbox 281 2464 434 2523; x_wconf 89' lang='lat' dir='ltr'><strong>sedetiam</strong></span> <span class='ocrx_word' id='word_1_187' title='bbox 448 2465 489 2523; x_wconf 89' lang='lat' dir='ltr'><strong>rei</strong></span> <span class='ocrx_word' id='word_1_188' title='bbox 508 2465 640 2540; x_wconf 88' lang='lat' dir='ltr'><strong>publicae</strong></span> <span class='ocrx_word' id='word_1_189' title='bbox 659 2464 820 2523; x_wconf 88' lang='lat' dir='ltr'><strong>restitutum</strong></span> <span class='ocrx_word' id='word_1_190' title='bbox 835 2463 974 2539; x_wconf 88' lang='lat' dir='ltr'><strong>putabam</strong></span> <span class='ocrx_word' id='word_1_191' title='bbox 988 2472 1026 2535; x_wconf 89' lang='lat' dir='ltr'><strong>et,</strong></span> 
     </span>
     <span class='ocr_line' id='line_1_24' title="bbox 79 2563 1027 2642; baseline -0.003 -19"><span class='ocrx_word' id='word_1_192' title='bbox 79 2563 225 2642; x_wconf 85' lang='lat' dir='ltr'><strong>quoniam</strong></span> <span class='ocrx_word' id='word_1_193' title='bbox 243 2563 294 2622; x_wconf 89' lang='lat' dir='ltr'><strong>tibi</strong></span> <span class='ocrx_word' id='word_1_194' title='bbox 316 2563 512 2624; x_wconf 91' lang='lat' dir='ltr'><strong>incredibilem</strong></span> <span class='ocrx_word' id='word_1_195' title='bbox 530 2564 677 2639; x_wconf 90' lang='lat' dir='ltr'><strong>quendam</strong></span> <span class='ocrx_word' id='word_1_196' title='bbox 696 2581 825 2621; x_wconf 90' lang='lat' dir='ltr'><strong>amorem</strong></span> <span class='ocrx_word' id='word_1_197' title='bbox 839 2570 868 2620; x_wconf 91' lang='lat' dir='ltr'><strong>et</strong></span> <span class='ocrx_word' id='word_1_198' title='bbox 882 2563 982 2620; x_wconf 90' lang='lat' dir='ltr'><strong>omnia</strong></span> <span class='ocrx_word' id='word_1_199' title='bbox 996 2563 1027 2620; x_wconf 90' lang='lat' dir='ltr'><strong>in</strong></span> 
     </span>
     <span class='ocr_line' id='line_1_25' title="bbox 80 2661 1026 2739; baseline -0.003 -18"><span class='ocrx_word' id='word_1_200' title='bbox 80 2675 112 2722; x_wconf 91' lang='lat' dir='ltr'><strong>te</strong></span> <span class='ocrx_word' id='word_1_201' title='bbox 132 2663 229 2739; x_wconf 92' lang='lat' dir='ltr'><strong>ipsum</strong></span> <span class='ocrx_word' id='word_1_202' title='bbox 250 2679 364 2720; x_wconf 89' lang='lat' dir='ltr'><strong>summa</strong></span> <span class='ocrx_word' id='word_1_203' title='bbox 384 2680 419 2720; x_wconf 92' lang='lat' dir='ltr'><strong>ac</strong></span> <span class='ocrx_word' id='word_1_204' title='bbox 433 2661 587 2737; x_wconf 88' lang='lat' dir='ltr'><strong>singularia</strong></span> <span class='ocrx_word' id='word_1_205' title='bbox 601 2663 695 2720; x_wconf 91' lang='lat' dir='ltr'><strong>studia</strong></span> <span class='ocrx_word' id='word_1_206' title='bbox 709 2661 855 2733; x_wconf 90' lang='lat' dir='ltr'><strong>deberem,</strong></span> <span class='ocrx_word' id='word_1_207' title='bbox 869 2661 910 2718; x_wconf 93' lang='lat' dir='ltr'><strong>rei</strong></span> <span class='ocrx_word' id='word_1_208' title='bbox 932 2661 1026 2738; x_wconf 93' lang='lat' dir='ltr'><strong>publi-</strong></span> 
     </span>
     <span class='ocr_line' id='line_1_26' title="bbox 81 2759 1025 2836; baseline -0.005 -15"><span class='ocrx_word' id='word_1_209' title='bbox 81 2780 145 2831; x_wconf 88' lang='lat' dir='ltr'><strong>cae,</strong></span> <span class='ocrx_word' id='word_1_210' title='bbox 167 2779 241 2836; x_wconf 92' lang='lat' dir='ltr'><strong>quae</strong></span> <span class='ocrx_word' id='word_1_211' title='bbox 263 2770 291 2819; x_wconf 90' lang='lat' dir='ltr'><strong>te</strong></span> <span class='ocrx_word' id='word_1_212' title='bbox 312 2761 343 2817; x_wconf 90' lang='lat' dir='ltr'><strong>in</strong></span> <span class='ocrx_word' id='word_1_213' title='bbox 363 2778 411 2818; x_wconf 91' lang='lat' dir='ltr'><strong>me</strong></span> <span class='ocrx_word' id='word_1_214' title='bbox 431 2761 610 2819; x_wconf 89' lang='lat' dir='ltr'><strong>restituendo</strong></span> <span class='ocrx_word' id='word_1_215' title='bbox 630 2760 753 2818; x_wconf 92' lang='lat' dir='ltr'><strong>multum</strong></span> <span class='ocrx_word' id='word_1_216' title='bbox 774 2759 936 2829; x_wconf 89' lang='lat' dir='ltr'><strong>adiuvisset,</strong></span> <span class='ocrx_word' id='word_1_217' title='bbox 957 2777 1025 2818; x_wconf 91' lang='lat' dir='ltr'><strong>eum</strong></span> 
     </span>
     <span class='ocr_line' id='line_1_27' title="bbox 82 2857 1026 2933; baseline -0.006 -13"><span class='ocrx_word' id='word_1_218' title='bbox 82 2867 162 2920; x_wconf 89' lang='lat' dir='ltr'><strong>certe</strong></span> <span class='ocrx_word' id='word_1_219' title='bbox 179 2876 226 2916; x_wconf 92' lang='lat' dir='ltr'><strong>me</strong></span> <span class='ocrx_word' id='word_1_220' title='bbox 246 2859 376 2915; x_wconf 88' lang='lat' dir='ltr'><strong>animum</strong></span> <span class='ocrx_word' id='word_1_221' title='bbox 393 2857 497 2916; x_wconf 91' lang='lat' dir='ltr'><strong>merito</strong></span> <span class='ocrx_word' id='word_1_222' title='bbox 519 2858 609 2933; x_wconf 89' lang='lat' dir='ltr'><strong>ipsius</strong></span> <span class='ocrx_word' id='word_1_223' title='bbox 630 2858 737 2916; x_wconf 89' lang='lat' dir='ltr'><strong>debere</strong></span> <span class='ocrx_word' id='word_1_224' title='bbox 756 2858 921 2928; x_wconf 89' lang='lat' dir='ltr'><strong>arbitrabar,</strong></span> <span class='ocrx_word' id='word_1_225' title='bbox 937 2875 1026 2933; x_wconf 90' lang='lat' dir='ltr'><strong>quem</strong></span> 
     </span>
     <span class='ocr_line' id='line_1_28' title="bbox 80 2955 1026 3028; baseline -0.004 -12"><span class='ocrx_word' id='word_1_226' title='bbox 80 2966 168 3016; x_wconf 91' lang='lat' dir='ltr'><strong>antea</strong></span> <span class='ocrx_word' id='word_1_227' title='bbox 188 2966 301 3015; x_wconf 90' lang='lat' dir='ltr'><strong>tantum</strong></span> <span class='ocrx_word' id='word_1_228' title='bbox 321 2955 412 3014; x_wconf 92' lang='lat' dir='ltr'><strong>modo</strong></span> <span class='ocrx_word' id='word_1_229' title='bbox 437 2957 586 3014; x_wconf 91' lang='lat' dir='ltr'><strong>communi</strong></span> <span class='ocrx_word' id='word_1_230' title='bbox 607 2956 703 3015; x_wconf 88' lang='lat' dir='ltr'><strong>officio</strong></span> <span class='ocrx_word' id='word_1_231' title='bbox 727 2957 840 3028; x_wconf 86' lang='lat' dir='ltr'><strong>civium,</strong></span> <span class='ocrx_word' id='word_1_232' title='bbox 858 2974 920 3014; x_wconf 93' lang='lat' dir='ltr'><strong>non</strong></span> <span class='ocrx_word' id='word_1_233' title='bbox 941 2955 1026 3013; x_wconf 90' lang='lat' dir='ltr'><strong>alicui</strong></span> 
     </span>
     <span class='ocr_line' id='line_1_29' title="bbox 81 3053 1025 3132; baseline -0.003 -17"><span class='ocrx_word' id='word_1_234' title='bbox 81 3075 154 3132; x_wconf 89' lang='lat' dir='ltr'><strong>erga</strong></span> <span class='ocrx_word' id='word_1_235' title='bbox 167 3074 215 3114; x_wconf 91' lang='lat' dir='ltr'><strong>me</strong></span> <span class='ocrx_word' id='word_1_236' title='bbox 234 3055 372 3131; x_wconf 88' lang='lat' dir='ltr'><strong>singulari</strong></span> <span class='ocrx_word' id='word_1_237' title='bbox 391 3055 534 3113; x_wconf 88' lang='lat' dir='ltr'><strong>beneficio</strong></span> <span class='ocrx_word' id='word_1_238' title='bbox 554 3054 683 3112; x_wconf 90' lang='lat' dir='ltr'><strong>debitum</strong></span> <span class='ocrx_word' id='word_1_239' title='bbox 702 3055 914 3130; x_wconf 88' lang='lat' dir='ltr'><strong>praestitissem.</strong></span> <span class='ocrx_word' id='word_1_240' title='bbox 957 3053 1025 3112; x_wconf 90' lang='lat' dir='ltr'><strong>Hac</strong></span> 
     </span>
     <span class='ocr_line' id='line_1_30' title="bbox 81 3151 1025 3213; baseline -0.004 0"><span class='ocrx_word' id='word_1_241' title='bbox 81 3173 132 3213; x_wconf 92' lang='lat' dir='ltr'><strong>me</strong></span> <span class='ocrx_word' id='word_1_242' title='bbox 146 3164 242 3212; x_wconf 92' lang='lat' dir='ltr'><strong>mente</strong></span> <span class='ocrx_word' id='word_1_243' title='bbox 257 3153 345 3211; x_wconf 88' lang='lat' dir='ltr'><strong>luisse</strong></span> <span class='ocrx_word' id='word_1_244' title='bbox 360 3163 388 3211; x_wconf 91' lang='lat' dir='ltr'><strong>et</strong></span> <span class='ocrx_word' id='word_1_245' title='bbox 402 3161 519 3210; x_wconf 90' lang='lat' dir='ltr'><strong>senatus</strong></span> <span class='ocrx_word' id='word_1_246' title='bbox 533 3171 570 3211; x_wconf 84' lang='lat' dir='ltr'><strong>ex</strong></span> <span class='ocrx_word' id='word_1_247' title='bbox 584 3171 632 3211; x_wconf 92' lang='lat' dir='ltr'><strong>me</strong></span> <span class='ocrx_word' id='word_1_248' title='bbox 651 3163 679 3211; x_wconf 95' lang='lat' dir='ltr'><strong>te</strong></span> <span class='ocrx_word' id='word_1_249' title='bbox 694 3152 813 3211; x_wconf 92' lang='lat' dir='ltr'><strong>consule</strong></span> <span class='ocrx_word' id='word_1_250' title='bbox 831 3151 939 3211; x_wconf 89' lang='lat' dir='ltr'><strong>audivit</strong></span> <span class='ocrx_word' id='word_1_251' title='bbox 952 3163 980 3210; x_wconf 93' lang='lat' dir='ltr'><strong>et</strong></span> <span class='ocrx_word' id='word_1_252' title='bbox 994 3161 1025 3209; x_wconf 91' lang='lat' dir='ltr'><strong>tu</strong></span> 
     </span>
     <span class='ocr_line' id='line_1_31' title="bbox 81 3249 1024 3327; baseline -0.005 -16"><span class='ocrx_word' id='word_1_253' title='bbox 81 3254 113 3311; x_wconf 91' lang='lat' dir='ltr'><strong>in</strong></span> <span class='ocrx_word' id='word_1_254' title='bbox 140 3253 247 3311; x_wconf 89' lang='lat' dir='ltr'><strong>nostris</strong></span> <span class='ocrx_word' id='word_1_255' title='bbox 280 3251 461 3310; x_wconf 89' lang='lat' dir='ltr'><strong>sermonibus</strong></span> <span class='ocrx_word' id='word_1_256' title='bbox 495 3250 792 3327; x_wconf 88' lang='lat' dir='ltr'><strong>collocutionibusque</strong></span> <span class='ocrx_word' id='word_1_257' title='bbox 827 3250 889 3327; x_wconf 90' lang='lat' dir='ltr'><strong>ipse</strong></span> <span class='ocrx_word' id='word_1_258' title='bbox 921 3249 1024 3307; x_wconf 89' lang='lat' dir='ltr'><strong>vidisti.</strong></span> 
     </span>
     <span class='ocr_line' id='line_1_32' title="bbox 83 3349 1024 3426; baseline -0.004 -18"><span class='ocrx_word' id='word_1_259' title='bbox 83 3367 111 3425; x_wconf 91' lang='lat'><strong>5.</strong></span> <span class='ocrx_word' id='word_1_260' title='bbox 131 3351 195 3410; x_wconf 90' lang='lat' dir='ltr'><strong>Etsi</strong></span> <span class='ocrx_word' id='word_1_261' title='bbox 221 3351 281 3408; x_wconf 93' lang='lat' dir='ltr'><strong>iam</strong></span> <span class='ocrx_word' id='word_1_262' title='bbox 307 3350 408 3426; x_wconf 91' lang='lat' dir='ltr'><strong>primis</strong></span> <span class='ocrx_word' id='word_1_263' title='bbox 429 3349 609 3426; x_wconf 87' lang='lat' dir='ltr'><strong>temporibus</strong></span> <span class='ocrx_word' id='word_1_264' title='bbox 631 3350 685 3410; x_wconf 89' lang='lat' dir='ltr'><strong>illis</strong></span> <span class='ocrx_word' id='word_1_265' title='bbox 707 3349 804 3408; x_wconf 89' lang='lat' dir='ltr'><strong>multis</strong></span> <span class='ocrx_word' id='word_1_266' title='bbox 827 3350 913 3407; x_wconf 91' lang='lat' dir='ltr'><strong>rebus</strong></span> <span class='ocrx_word' id='word_1_267' title='bbox 939 3365 1024 3405; x_wconf 91' lang='lat' dir='ltr'><strong>meus</strong></span> 
     </span>
     <span class='ocr_line' id='line_1_33' title="bbox 84 3447 1025 3526; baseline -0.004 -17"><span class='ocrx_word' id='word_1_268' title='bbox 84 3448 285 3509; x_wconf 79' lang='lat' dir='ltr'><strong>offendebatur</strong></span> <span class='ocrx_word' id='word_1_269' title='bbox 308 3449 430 3520; x_wconf 72' lang='lat' dir='ltr'><strong>mimae,</strong></span> <span class='ocrx_word' id='word_1_270' title='bbox 453 3466 520 3508; x_wconf 92' lang='lat' dir='ltr'><strong>cum</strong></span> <span class='ocrx_word' id='word_1_271' title='bbox 548 3458 577 3508; x_wconf 91' lang='lat' dir='ltr'><strong>te</strong></span> <span class='ocrx_word' id='word_1_272' title='bbox 601 3457 705 3526; x_wconf 89' lang='lat' dir='ltr'><strong>agente</strong></span> <span class='ocrx_word' id='word_1_273' title='bbox 734 3447 772 3506; x_wconf 92' lang='lat' dir='ltr'><strong>de</strong></span> <span class='ocrx_word' id='word_1_274' title='bbox 793 3447 902 3524; x_wconf 87' lang='lat' dir='ltr'><strong>reliqua</strong></span> <span class='ocrx_word' id='word_1_275' title='bbox 925 3454 1025 3505; x_wconf 84' lang='lat' dir='ltr'><strong>nostra</strong></span> 
     </span>
    </p>
   </div>
   <div class='ocr_carea' id='block_1_3' title="bbox 0 0 1236 3842">
    <p class='ocr_par' dir='ltr' id='par_1_3' title="bbox 0 0 1236 3842">
     <span class='ocr_line' id='line_1_34' title="bbox 0 0 1236 3842; baseline 0 0"><span class='ocrx_word' id='word_1_276' title='bbox 0 0 1236 3842; x_wconf 95' lang='lat' dir='ltr'><strong> </strong></span> 
     </span>
    </p>
   </div>
  </div>
 </body>
</html>
