2436 3836
220 191 283 260 266
496 205 536 256 rr.
562 203 683 254 runrrr
703 204 896 252 crcunonrs
1075 189 1142 279 [rm
1155 207 1176 250 n

218 375 348 436 possum.
390 354 467 416 Cum
482 356 520 416 ad
535 373 596 416 rem
610 331 757 432 publicam
770 355 962 414 liberandam
980 359 1110 428 accessi,
1124 355 1175 414 HS.

218 456 289 516 mihi
316 455 369 516 suit
392 455 533 533 pecuniae
558 471 660 515 ‘cccc·
685 453 817 531 amplius
862 453 1007 512 Tantum
1039 455 1133 525 abest,
1151 471 1175 511 nt

219 573 301 614 meae
322 555 363 614 rei
383 552 529 613 familiaris
549 552 672 610 liberum
693 552 729 610 sit
747 552 921 628 quicquam,
937 562 974 609 ut
998 571 1111 612 omnes
1127 553 1172 609 iam

219 669 302 711 meos
317 652 427 712 amicos
441 669 507 710 aere
518 650 613 710 alieno
622 648 833 708 obstrinxerim.
879 647 1013 725 Septem
1029 666 1172 708 numerum

220 768 298 810 nunc
312 751 460 828 legionum
474 749 521 809 alo
530 769 538 822 ;
560 768 618 826 qua
637 747 810 820 difficultate,
827 756 858 805 tu
878 748 1054 808 arbitrare:
1077 768 1142 818 non,
1154 749 1171 805 si

220 847 359 908 Varronis
379 850 530 910 thesauros
551 849 697 919 haberem,
713 847 868 906 subsistere
888 849 1031 922 sumptui
1053 865 1171 925 possem.

221 947 297 1007 Cum
311 947 437 1024 primum
456 947 493 1007 de
511 945 642 1006 Antonio
660 944 843 1021 exploratum
863 943 1016 1018 habuero,
1033 946 1170 1004 faciamte

221 1047 381 1106 certiorem.
423 1046 472 1106 Tu
499 1063 547 1104 me
570 1044 680 1102 amabis
703 1044 750 1112 ita,
775 1043 799 1101 si
824 1042 881 1100 hoc
906 1043 995 1101 idem
1020 1063 1072 1104 me
1101 1047 1170 1102 inte

221 1142 316 1204 lacere
331 1144 462 1204 senseris
503 1161 544 1202 m.
560 1141 640 1201 Non.
655 1141 725 1199 Mai.
739 1159 776 1199 ex
792 1140 903 1212 castris,
919 1140 1076 1203 Dertona.

394 1303 460 1362 1³8.
502 1299 559 1360 AD
580 1298 833 1358 FAMILIARES
854 1297 925 1357 XII.
953 1319 1004 1357 12.
1206 1341 1207 1382 ,

358 1416 423 1478 Scn.
444 1435 475 1476 nr
495 1433 611 1476 cnsrnrs
631 1414 726 1476 Nouis
747 1413 838 1474 Mnus
859 1433 945 1474 nuc.
971 1429 1048 1490 711.

354 1542 380 1583 c.
400 1540 511 1583 cnssrus
531 1540 645 1582 rnocos.
666 1539 689 1580 s.
709 1540 737 1579 n.
760 1540 791 1579 rr.
812 1538 949 1580 crcunonr
972 1539 1044 1581 suo.

267 1657 291 1698 r.
315 1638 344 1698 S.
359 1657 386 1697 v.
401 1657 426 1696 n.
441 1655 467 1696 n.
482 1655 507 1696 s.
523 1655 550 1704 o.
565 1656 591 1694 v.
611 1635 669 1712 legi
689 1644 753 1694 tuas
773 1636 889 1705 litteras,
904 1635 935 1693 in
951 1637 1068 1712 quibus
1082 1636 1170 1695 mirifi-

224 1755 291 1797 cum
312 1746 394 1795 tuum
415 1753 485 1812 erga
505 1753 553 1792 me
575 1751 705 1793 amorem
726 1735 899 1810 recognovi3
921 1733 1081 1794 videbaris
1102 1736 1170 1793 enirn

224 1853 284 1896 non
299 1835 395 1894 solum
408 1832 503 1893 favere
518 1832 676 1890 nobis-id
686 1832 767 1910 quod
780 1843 809 1890 et
823 1842 923 1892 nostra
936 1842 968 1892 et
983 1835 1028 1892 rei
1045 1834 1170 1911 publicae

225 1952 314 1995 causa
334 1950 448 2008 semper
468 1931 608 2003 fecisti—,
631 1931 684 1990 sed
704 1932 791 1990 etiam
810 1949 928 2008 gravem
949 1949 1061 1990 curam
1082 1949 1170 1991 susce
1205 1971 1206 1974 ,

225 2034 303 2112 pisse
323 2030 564 2105 vehementerque
592 2047 657 2086 esse
686 2029 723 2087 de
755 2031 841 2089 nobis
870 2029 1021 2089 sollicitus
1068 2031 1170 2106 Itaque,

225 2129 306 2208 quod
327 2138 355 2212 te
378 2128 503 2205 primurn
525 2127 687 2185 existimare
710 2129 857 2203 putabam,
885 2144 941 2186 nos
969 2146 1122 2204 oppressa
1146 2145 1169 2184 re

226 2229 342 2307 publica
355 2227 502 2303 quiescere
517 2219 578 2284 non
592 2243 689 2301 posse.
704 2225 818 2296 deinde,
834 2243 902 2283 curn
921 2228 1111 2301 suspicarere
1125 2243 1170 2284 nos

226 2327 329 2398 moliri,
344 2325 424 2402 quod
443 2333 471 2382 te
491 2322 644 2381 sollicitum
658 2340 723 2380 esse
744 2332 773 2380 et
793 2322 830 2380 de
851 2323 941 2380 salute
962 2333 1074 2383 nostra
1095 2336 1123 2383 et
1142 2323 1170 2380 de
1205 2315 1206 2368 l

226 2445 321 2486 rerum
335 2433 439 2484 eventu
454 2422 602 2499 putabam,
617 2419 702 2478 simul
723 2439 756 2480 ac
771 2421 903 2496 legiones
921 2422 1034 2496 accepi,
1052 2440 1129 2498 quas
1141 2422 1168 2478 h
1205 2445 1206 2458 ¹

227 2525 358 2584 Allienus
372 2522 510 2580 eduxerat
523 2538 561 2579 ex
578 2520 724 2595 Aegypto,
741 2518 842 2595 scripsi
857 2517 895 2576 ad
908 2527 936 2575 te
950 2518 1170 2595 tabellariosque

227 2622 392 2700 complures
404 2619 531 2677 Romam
545 2617 627 2686 misi;
650 2617 752 2692 scripsi
766 2616 852 2673 etiam
864 2615 901 2673 ad
911 2624 1048 2674 senatum
1061 2618 1168 2684 litteras,

228 2739 301 2797 quas
315 2720 395 2779 reddi
409 2717 484 2776 vetui
505 2717 593 2794 prius,
608 2731 697 2789 quam
717 2714 769 2772 tibi
787 2713 922 2772 recitatae
937 2724 1047 2783 essent,
1065 2716 1091 2772 si
1105 2715 1168 2772 forte

228 2819 286 2877 mei
307 2821 505 2895 obtemperare
524 2814 595 2872 mihi
616 2811 777 2871 voluerunt.
820 2810 910 2882 Quod
932 2811 956 2868 si
977 2809 1092 2870 litterae
1113 2830 1167 2888 per-

229 2917 303 2975 latae
327 2933 388 2974 non
411 2923 485 2986 sunt,
510 2931 571 2971 non
594 2910 695 2969 dubito
718 2911 787 2986 quin
808 2907 970 2979 Dolabella,
992 2908 1044 2984 qui
1067 2910 1167 2968 nefarie

230 3013 381 3073 Trebonio
403 3012 501 3072 occiso
526 3010 629 3068 Asiam
650 3007 810 3084 occupavit,
832 3005 998 3065 tabellarios
1016 3024 1104 3064 meos
1124 3006 1165 3064 de·

230 3111 413 3190 prehenderit
431 3111 595 3184 litterasque
612 3107 803 3182 interceperit.
847 3123 872 3164 2.
894 3103 1047 3162 Exercitus
1062 3121 1164 3166 omnes
1204 3091 1205 3096 ἵ

230 3208 325 3286 quiin
340 3207 421 3284 Syria
439 3208 562 3278 luerunt,
577 3216 682 3277 teneo;
703 3204 791 3262 habui
805 3202 962 3279 paullulum
978 3217 1088 3272 morae,
1104 3202 1163 3260 dum

231 3306 376 3387 promissa
395 3306 531 3364 militibus
552 3303 695 3378 persolvo.
738 3301 826 3360 Nune
846 3301 905 3359 iarn
927 3317 993 3358 sum
1011 3300 1162 3375 expeditus.

154 3445 157 3456 .
232 3407 261 3466 Α
274 3416 302 3464 te
316 3413 392 3479 peto
404 3409 436 3448 ut
450 3401 618 3456 divnitatem
632 3417 728 3456 meam
743 3398 977 3457 commendatam
990 3396 1042 3454 tibi
1055 3396 1161 3464 habeas,
