2454 3842
65 278 109 343 ap.
127 267 185 350 aa]
278 279 390 332 aaran.
413 279 463 328 an
484 279 708 331 armatarum
727 283 752 333 r.
777 282 806 351 7.
968 268 1010 353 69

59 432 240 508 cuiusquam
260 431 372 510 iniuria.
414 432 525 511 Magna
547 444 590 492 est
614 433 765 491 hominum
788 433 889 508 opinio
915 434 951 492 de
972 441 1010 503 te,

61 548 177 606 magna
200 531 414 591 commendatio
439 532 621 604 liberalitatis,
642 550 751 608 magna
774 532 917 590 memoria
939 551 1010 591 con·

64 629 179 687 sulatus
214 631 274 687 tui:
308 630 380 690 haec
413 632 545 707 profecto
573 632 653 690 vides
686 639 794 707 quanto
830 633 1011 706 expressiora

63 738 237 804 quantoque
251 729 401 789 illustriora
415 731 510 789 lutura
529 732 593 801 sint,
608 750 676 790 cum
697 729 875 806 aliquantum
892 748 927 787 ex
942 748 1010 805 pro-

62 826 161 884 vincia
176 836 262 903 atque
277 847 312 885 ex
326 828 449 905 imperio
463 830 556 889 laudis
572 829 733 889 accesserit.
774 827 962 902 Quamquam
982 837 1011 886 te

62 924 103 981 ita
136 942 238 1000 gerere
265 926 333 984 volo
365 945 440 1003 quae
468 947 520 1004 per
547 928 705 987 exercitum
738 935 825 1002 atque
856 925 1009 1000 imperium

60 1021 197 1098 gerenda
216 1033 291 1095 sunt,
305 1035 337 1082 ut
351 1024 423 1083 haec
440 1026 532 1084 multo
549 1036 617 1084 ante
635 1025 781 1095 meditere,
796 1024 854 1083 huc
873 1033 901 1082 te
916 1041 1009 1099 pares,

58 1120 138 1179 haec
161 1121 282 1197 cogites,
304 1123 342 1181 ad
365 1122 437 1182 haec
457 1133 485 1182 te
510 1142 646 1184 exerceas
670 1121 905 1200 sentiasque-id
929 1122 1010 1198 quod

59 1219 134 1295 quia
149 1237 265 1295 semper
281 1222 410 1296 sperasti,
430 1240 491 1280 non
513 1223 614 1282 dubito
632 1225 703 1299 quin
720 1223 842 1298 adeptus
861 1221 1010 1297 intellegas

59 1327 136 1374 —te
157 1316 290 1376 facillime
307 1337 395 1395 posse
415 1321 544 1380 obtinere
566 1338 713 1380 summum
733 1331 819 1396 atque
840 1320 1010 1378 altissimum

58 1415 191 1492 gradum
212 1418 340 1478 civitatis.
382 1418 467 1490 Quae
488 1419 606 1496 quidem
629 1437 696 1478 mea
717 1419 878 1478 cohortatio
899 1436 937 1476 ne
958 1418 1010 1476 tibi

59 1515 161 1573 inanis
189 1526 238 1574 aut
265 1517 328 1575 sine
356 1535 443 1576 causa
471 1529 604 1595 suscepta
628 1519 765 1588 videatur,
787 1517 835 1576 illa
861 1531 909 1576 me
937 1518 1009 1576 ratio

58 1613 166 1684 movit,
183 1624 215 1672 ut
229 1625 256 1674 te
270 1634 308 1675 ex
321 1615 427 1675 nostris
441 1618 550 1675 eventis
570 1617 773 1676 communibus
789 1614 1010 1676 admonendum

58 1722 206 1790 putarem,
220 1723 252 1770 ut
265 1715 473 1786 considerares,
488 1714 518 1773 in
533 1715 613 1772 omni
626 1713 736 1790 reliqua
751 1714 807 1771 vita
823 1714 929 1789 quibus
947 1731 1010 1772 cre·

60 1812 160 1882 deres,
175 1827 248 1887 quos
262 1830 385 1871 caveres.
431 1831 475 1871 10.
499 1812 589 1885 Quod
609 1813 710 1872 scribis
729 1823 757 1872 te
771 1812 843 1871 velle
863 1813 944 1882 scire,
960 1812 1009 1887 qui

61 1911 100 1970 sit
114 1909 157 1967 rei
171 1909 303 1986 publicae
318 1920 415 1983 status,
431 1930 546 1971 summa
563 1912 708 1970 dissensio
726 1919 777 1982 est,
793 1911 845 1969 sed
859 1911 1008 1970 contentio

62 2009 165 2085 dispar
173 2028 181 2081 ;
203 2027 271 2066 nam
287 2010 336 2085 qui
355 2010 420 2086 plus
438 2011 553 2086 opibus,
568 2010 664 2080 armiS,
679 2009 809 2086 potentia
824 2009 926 2078 valent,
941 2025 1008 2083 prof

64 2106 172 2164 fecisse
206 2115 316 2165 tantum
350 2107 421 2165 mihi
448 2108 580 2166 videntur
611 2107 727 2166 stultitia
757 2117 786 2165 et
817 2106 1009 2164 inconstantia

59 2204 303 2275 adversariorum,
325 2215 355 2262 ut
387 2206 474 2263 etiam
501 2205 669 2265 auctoritate
699 2205 758 2263 iam
785 2205 851 2280 plus
871 2203 1005 2262 valerent.

64 2304 172 2378 Itaque
186 2304 338 2378 perpaucis
352 2303 568 2362 adversantibus
583 2304 691 2374 omnia,
706 2320 781 2378 quae
800 2321 836 2360 ne
850 2320 902 2378 per
915 2319 1008 2377 popu-

60 2402 126 2460 lum
147 2401 265 2476 quidem
286 2401 348 2458 sine
369 2402 510 2460 seditione
532 2419 563 2459 se
584 2402 705 2478 adsequi
726 2401 942 2470 arbitrabantur,
957 2417 1009 2476 per

61 2507 199 2559 senatum
216 2501 364 2558 consecuti
386 2509 469 2570 sunt;
495 2517 563 2558 nam
585 2509 612 2558 et
634 2499 809 2576 stipendium
824 2498 942 2557 Caesen
958 2498 1007 2557 de-

61 2607 177 2657 cretum
191 2605 234 2654 est
249 2606 278 2654 et
291 2597 394 2656 decem
407 2597 502 2673 legati,
513 2608 542 2656 et
555 2616 593 2656 ne
607 2597 671 2673 lege
684 2597 857 2673 Sempronia
871 2596 1008 2658 succede-

60 2704 144 2755 retur
158 2693 241 2752 lacile
255 2694 414 2770 perfectum
429 2705 481 2754 est,
527 2693 618 2766 Quod
632 2713 670 2754 eo
682 2694 720 2753 ad
734 2705 762 2753 te
776 2695 890 2753 brevius
904 2695 1008 2767 scribo,

62 2793 135 2870 quia
149 2810 196 2850 me
207 2801 298 2851 status
309 2794 357 2852 hic
367 2795 408 2852 rei
419 2793 551 2869 publicae
563 2812 624 2852 non
639 2794 778 2852 delectat:
797 2793 892 2853 scribo
902 2803 1008 2864 amen,

63 2903 98 2952 ut
120 2903 149 2951 te
174 2891 359 2963 admoneam,
382 2893 462 2968 quod
481 2893 553 2969 ipse,
575 2894 674 2952 litteris
694 2894 831 2952 omnibus
852 2911 869 2952 a
889 2894 1009 2970 pueritia

63 2992 189 3062 deditus,
200 2990 378 3066 experiendo
392 3001 491 3050 tamen
505 2992 598 3068 magis
613 3009 702 3067 quam
716 2991 858 3050 discendo
873 2992 1008 3068 cognovi,

63 3102 98 3150 tu
121 3096 155 3146 ul
179 3090 236 3148 tuis
264 3090 351 3148 rebus
378 3089 496 3164 integris
525 3089 620 3148 discas
644 3107 739 3164 neque
767 3087 865 3146 salutis
891 3097 1008 3147 nostrae

61 3189 207 3248 rationem
238 3186 404 3246 habendam
436 3187 521 3245 nobis
555 3205 619 3246 esse
652 3187 713 3245 sine
742 3187 880 3263 dignitate
912 3205 1008 3264 neque

63 3285 212 3363 dignitatis
227 3285 301 3358 ¹sine
330 3285 430 3345 salute.
483 3303 529 3344 11.
562 3283 653 3356 Quod
677 3284 747 3342 mihi
775 3285 813 3344 de
837 3285 894 3343 filia
918 3294 947 3343 et
971 3285 1008 3344 de

64 3383 239 3461 Crassipede
267 3382 425 3460 gratularis,
447 3401 577 3459 agnosco
598 3383 808 3442 humanitatem
835 3395 915 3442 tuam
943 3400 1007 3457 spe·

59 3501 157 3562 suque
178 3491 207 3542 et
227 3491 298 3559 opto
319 3481 404 3542 nobis
425 3481 501 3542 hanc
522 3481 760 3544 coniunctionem
774 3481 912 3558 voluptati
933 3479 1002 3543 fore,
