2432 3844
231 284 251 344 6
508 293 547 342 rr.
570 291 690 342 rurrrr
710 292 898 342 crernorrrs
1075 278 1156 366 [rm
1172 295 1185 342 r.

231 450 312 509 cuius
333 450 415 509 modi
437 450 481 522 sit,
502 451 571 511 satis
593 449 757 527 intellegere
779 466 839 508 non
859 466 988 524 possum,
1004 447 1058 507 sed
1079 457 1184 508 tamen

231 549 362 626 suspicor
376 550 414 608 ad
427 559 456 608 te
470 568 534 610 esse
548 549 686 621 adlatum,
697 568 754 620 me,
763 549 793 606 in
804 559 907 608 senatu
917 565 985 608 cum
995 548 1184 624 disputarem

230 648 390 724 permultos
418 667 483 708 esse
511 649 560 726 qui
588 667 650 706 rem
677 647 823 725 publicam
851 665 869 704 a
896 665 944 708 me
972 659 1183 706 conservatam

231 746 367 818 dolerent,
383 747 490 806 dixisse
509 764 527 804 a
542 755 572 804 te
586 745 768 823 propinquos
782 755 856 816 tuos,
871 745 976 821 quibus
990 763 1104 820 negare
1122 765 1183 806 non

229 846 382 921 potuisses,
396 845 568 922 impetrasse
587 853 619 903 ut
633 863 669 903 ea
687 862 761 920 quae
781 842 929 902 statuisses
950 841 1049 901 tibttn
1071 854 1182 903 senatu

229 945 266 1002 de
280 961 346 1002 mea
359 943 444 1001 laude
458 959 522 1001 esse
536 941 660 1001 dicenda
673 942 813 1000 reticeres.
850 940 940 1012 Quod
953 959 1020 1000 cum
1034 941 1182 1010 dicerem,

229 1041 299 1100 illud
312 1041 439 1111 adiunxi,
453 1041 525 1099 mihi
538 1048 636 1100 tecum
650 1041 689 1099 ita
702 1040 883 1117 dispertitum
898 1039 1024 1098 officium
1038 1039 1139 1100 luisse
1154 1042 1182 1098 in

229 1140 269 1197 rei
283 1139 415 1214 publicae
435 1138 525 1197 salute
544 1138 701 1210 retinenda,
716 1147 749 1198 ut
767 1156 823 1214 ego
843 1139 944 1196 urbem
964 1157 982 1196 a
1003 1138 1181 1198 domesticis

229 1237 340 1294 insidiis
361 1245 390 1294 et
410 1237 448 1294 ab
468 1237 606 1296 intestino
627 1237 743 1307 scelere,
761 1246 793 1296 tu
813 1235 925 1295 Italiam
945 1245 974 1294 et
995 1236 1031 1294 ab
1052 1220 1184 1294 armatis'

229 1335 359 1394 hostibus
374 1343 403 1393 et
416 1335 454 1393 ab
467 1336 582 1394 occulta
595 1335 794 1395 coniuratione
805 1333 983 1404 defenderes,
994 1344 1081 1410 atque
1099 1334 1180 1393 hanc

229 1441 358 1490 nostram
372 1432 443 1490 tanti
462 1441 569 1491 ettam
587 1433 725 1509 praeclari
743 1432 871 1490 muneris
891 1432 1057 1490 societatem
1077 1449 1099 1490 a
1120 1435 1179 1492 tuis
1202 1413 1203 1456 ⁷

228 1531 399 1607 propinquis
417 1530 627 1602 labefactatam,
642 1531 700 1608 qui,
715 1547 783 1590 cum
802 1539 834 1588 tu
854 1547 872 1588 a
890 1547 939 1588 me
953 1531 1039 1588 rebus
1052 1532 1179 1607 amplis-

228 1627 309 1686 simis
329 1637 414 1704 atque
435 1628 733 1688 honorificentissimis
758 1637 875 1687 ornatus
899 1645 986 1699 esses,
1009 1627 1179 1688 timuissent

229 1744 361 1802 nequae
382 1727 453 1785 mihi
473 1746 541 1804 pars
560 1729 613 1787 abs
631 1737 660 1787 te
680 1726 834 1786 voluntatis
854 1735 972 1786 mutuae
991 1726 1177 1788 tribueretur.

231 1844 254 1882 a.
287 1823 355 1884 Hoc
376 1826 407 1883 in
428 1843 564 1884 sermone
585 1843 652 1885 cum
673 1844 691 1884 a
711 1843 759 1884 me
783 1833 985 1902 exponeretur,
1007 1841 1081 1902 quae
1106 1845 1177 1886 mea

228 1924 408 1999 exspectatio
436 1922 536 1982 fuisset
563 1924 701 1983 orationis
728 1933 795 1982 tuae
822 1932 990 2000 quantoque
1017 1923 1048 1982 in
1074 1941 1177 1984 errore

137 2059 139 2066 ·
228 2029 354 2080 versatus
369 2039 472 2093 essem,
483 2022 544 2081 visa
557 2030 601 2082 est
614 2022 706 2080 oratio
720 2039 782 2080 non
795 2021 959 2092 iniucunda,
972 2030 1002 2080 et
1015 2020 1175 2082 mediocris

228 2120 348 2196 quidam
372 2128 416 2178 est
438 2119 513 2178 risus
535 2128 715 2189 consecutus,
737 2136 798 2177 non
822 2119 851 2176 in
875 2126 912 2189 te,
938 2119 990 2177 sed
1017 2119 1114 2195 magis
1145 2122 1175 2180 in

228 2236 356 2280 errorem
369 2235 469 2276 meum
482 2227 511 2277 et
525 2218 605 2294 quod
624 2236 671 2278 me
690 2219 787 2278 abste
807 2217 920 2292 cupisse
940 2217 1049 2278 laudari
1070 2229 1175 2294 operte

229 2329 314 2395 atque
329 2318 454 2392 ingenue
469 2317 635 2378 confitebar.
678 2316 742 2374 Iam
755 2314 811 2374 hoc
825 2331 886 2373 non
899 2324 996 2390 potest
1012 2315 1042 2373 in
1060 2325 1088 2374 te
1108 2334 1175 2376 non

227 2415 386 2475 honorifice
400 2434 465 2476 esse
482 2415 599 2486 dictum,
614 2433 662 2474 me
679 2415 710 2473 in
728 2413 892 2473 clarissimis
909 2415 982 2473 meis
1000 2424 1086 2491 atque
1107 2434 1175 2475 am-

229 2513 363 2588 plissimis
377 2515 463 2572 rebus
478 2522 576 2572 tamen
590 2512 709 2588 aliquod
728 2512 926 2570 testimonium
945 2522 1010 2572 tuae
1025 2514 1104 2572 vocis
1119 2514 1175 2574 ha-

228 2611 297 2668 bere
308 2609 441 2668 voluisse.
475 2629 502 2684 3.
523 2609 613 2684 Quod
625 2620 721 2669 autem
733 2611 775 2668 ita
782 2609 891 2682 scribis,
905 2617 974 2686 ‘pro
985 2621 1085 2670 mutuo
1096 2613 1176 2673 inter

229 2725 284 2768 nos
305 2707 421 2779 anim0,'
440 2708 512 2784 quid
530 2719 562 2768 tu
581 2708 729 2768 existimes
748 2726 812 2768 esse
831 2708 862 2766 in
882 2709 1006 2768 amicitia
1026 2720 1173 2783 mutuum,

229 2806 345 2878 nescio;
368 2806 504 2882 equidem
519 2807 576 2866 hoc
590 2808 718 2879 arbitror,
733 2825 800 2868 cum
814 2826 867 2884 par
880 2808 1011 2867 voluntas
1031 2809 1174 2885 accipitur

228 2915 257 2962 et
277 2904 412 2962 redditur.
453 2903 519 2980 Ego
539 2905 565 2964 si
585 2905 643 2964 hoc
667 2904 770 2976 dicam,
791 2923 840 2965 me
864 2916 913 2964 tua
934 2924 1022 2966 causa
1046 2917 1173 2982 praeter-

228 3003 342 3061 misisse
369 3003 557 3078 provinciam,
582 3003 632 3061 tibi
660 3003 723 3080 ipse
747 3003 835 3061 letior
859 3003 957 3062 videar
980 3023 1061 3076 esse;
1086 3022 1173 3064 meae

228 3100 306 3158 enim
321 3101 447 3160 rationes
461 3101 501 3160 ita
514 3101 639 3162 tulerunt
653 3112 739 3179 atque
753 3103 815 3162 eius
828 3102 885 3160 mei
899 3103 1010 3162 consilii
1029 3103 1172 3162 maiorem
1202 3131 1205 3140 ·

228 3200 259 3256 in
274 3198 335 3257 dies
349 3199 478 3275 singulos
493 3198 617 3258 fructum
631 3201 866 3276 voluptatemque
882 3201 985 3276 capio:
1007 3201 1077 3259 illud
1094 3201 1169 3272 dico,

227 3313 285 3366 me,
296 3305 327 3355 ut
342 3297 466 3373 primum
480 3299 511 3357 in
522 3299 658 3360 contione
669 3300 848 3376 provinciam
860 3300 1052 3376 deposuerim,
1064 3301 1168 3370 statim,

228 3412 316 3471 quem
339 3395 376 3454 ad
398 3397 520 3455 modum
545 3415 610 3456 eam
631 3398 682 3455 tibi
706 3396 857 3470 traderem,
878 3399 1007 3476 cogitare
1028 3398 1166 3475 coepisse.

229 3492 309 3551 Nihil
324 3493 390 3554 dico
408 3494 444 3552 de
458 3493 607 3554 sortitione
621 3502 731 3553 vestra:
753 3503 865 3552 tantum
884 3503 912 3554 te
932 3495 1071 3572 suspicari
1091 3495 1165 3570 volo,
