2454 3842
69 261 117 323 ap.
134 273 178 324 44,
193 243 250 333 45]
295 256 407 309 rrrsr.
430 227 667 308 ln'lrrrcuu
692 260 752 309 νη.
776 265 806 332 9.
963 260 1021 324 123

70 410 213 469 habenda
227 431 243 470 e
257 410 322 487 lege
334 411 415 470 ratio
460 425 486 486 7.
501 409 681 486 ‘Depugna'
696 409 792 487 inquis
807 409 919 487 ‘potius
934 427 1023 485 quam

72 508 201 567 servias?
242 507 284 567 Ut
297 510 387 586 quid?
410 508 435 568 si
455 509 546 567 victus
565 509 629 581 eris,
645 510 846 586 proscribere?
867 508 892 567 si
911 508 1023 578 viceris,

72 613 176 662 tamen
198 604 323 662 servias?
345 601 446 675 ‘Quid
465 601 554 680 ergo’
575 605 672 681 inquis
694 608 829 662 ‘acturus
850 601 918 661 esi'
942 601 1022 660 idem

73 701 160 779 quod
173 700 309 778 pecudes,
324 720 399 778 quae
413 701 557 778 dispulsae
577 704 622 762 sui
641 703 757 780 generis
777 710 937 777 sequuntur
956 718 1022 776 gre-

73 817 148 875 ges:
166 810 198 858 ut
211 800 266 859 bos
280 811 418 873 armenta,
434 800 474 859 sic
485 819 543 878 ego
554 802 650 884 bonos
661 801 738 860 viros
750 807 800 858 aut
814 817 875 871 eos,
889 798 1022 874 quicum-

74 915 136 972 que
147 896 277 956 dicentur
284 898 365 970 boni,
375 915 487 976 sequar,
498 899 585 956 etiam
597 899 621 957 si
629 907 720 958 ruent
744 897 825 970 Quid
834 896 870 954 sit
878 897 1021 973 optimum

73 990 154 1048 male
173 993 328 1051 contractis
349 992 435 1052 rebus
456 991 543 1068 plane
559 993 660 1051 video:
682 992 792 1050 nemini
822 1000 866 1049 est
879 989 958 1048 enim
973 1008 1024 1048 ex-

73 1085 230 1161 ploratum,
245 1105 312 1144 cum
332 1087 370 1145 ad
389 1105 469 1148 arma
489 1097 608 1146 ventum
629 1097 681 1158 est,
695 1085 766 1162 quid
786 1084 913 1144 futurum
935 1084 979 1156 sit,
993 1095 1023 1142 at

73 1183 147 1242 illud
160 1185 305 1257 omnibus,
320 1186 345 1244 si
364 1185 435 1244 boni
455 1186 521 1244 victi
542 1187 607 1252 sint,
621 1203 677 1244 nec
697 1185 728 1242 in
749 1183 839 1242 caede
859 1183 1023 1259 principum

74 1281 294 1342 clementiorem
313 1283 390 1342 hunc
409 1283 480 1356 sore,
495 1301 583 1361 quam
597 1283 693 1342 Cinna
710 1281 874 1352 fueritpnec
888 1279 1023 1338 modera-

73 1381 181 1459 tiorem
208 1399 297 1458 quam
323 1381 402 1441 Sulla
428 1383 460 1440 in
486 1383 618 1459 pecuniis
644 1380 841 1457 locupletium.
892 1383 1021 1452 Συμπολι-

72 1478 237 1551 nilopoleos
250 1481 309 1539 iam
323 1481 443 1552 dudum,
458 1489 487 1540 et
505 1481 631 1539 iacerem
646 1481 761 1550 diutius,
775 1479 831 1537 nisi
845 1496 892 1536 me
905 1477 1023 1536 lucerna

73 1577 230 1640 desereret.
272 1580 320 1639 Ad
334 1599 487 1651 summam,
504 1589 569 1640 ‘mc
589 1579 631 1640 M.
647 1577 762 1639 Tvmr!
777 1577 953 1636 ‘Adsentior
966 1575 1022 1635 Cn.

73 1672 237 1748 Pompeio,’
251 1674 281 1733 id
302 1683 346 1734 est
368 1673 405 1734 Τ.
419 1674 592 1752 Pomponio.
638 1674 760 1743 Alexim,
781 1671 1023 1732 humanissimum

72 1789 209 1848 puerum,
235 1773 290 1831 nisi
317 1773 399 1845 forte,
425 1773 495 1832 dum
523 1791 579 1848 ego
600 1773 713 1844 absum,
734 1771 905 1831 adulescens
929 1771 1023 1831 sactus

72 1870 192 1930 est—id
206 1871 285 1930 enim
299 1889 385 1948 agere
398 1871 595 1945 videbatur—,
611 1872 719 1932 salvere
733 1873 832 1931 iubeas
846 1871 938 1930 velim.

295 2052 342 2106 45.
384 2046 443 2106 An
464 2045 658 2106 Armeun
678 2045 748 2104 vn.
772 2065 799 2120 9.

73 2162 145 2222 Sca.
166 2181 197 2221 m
217 2161 374 2222 Fonmnuo
398 2180 533 2221 amunta
553 2180 648 2221 nausa
669 2161 825 2222 Ducenium
846 2179 930 2221 auc.
954 2173 969 2235 7
994 2180 1022 2231 4.

396 2288 499 2331 arcano
519 2287 625 2329 arrrco
646 2289 707 2328 sna.

121 2403 147 2443 1.
178 2384 400 2458 ‘Quosmmrm'
435 2386 532 2461 inquis
567 2390 603 2444 ‘a
636 2396 665 2444 te
700 2384 886 2460 accipiendae
911 2382 1021 2443 litterae

72 2481 181 2544 sunt?’
202 2484 227 2542 si
240 2483 364 2556 habebo,
379 2484 425 2543 cui
440 2484 516 2554 dem,
531 2484 669 2560 quotidie.
710 2484 767 2542 ‘At
780 2484 839 2541 iam
853 2483 917 2561 ipse
931 2482 1020 2542 adesz'

72 2583 158 2642 Tum
172 2581 265 2658 igitur,
280 2601 348 2640 cum
361 2599 477 2654 venero,
493 2563 633 2640 desinam.
675 2581 759 2640 Unas
773 2582 858 2640 video
876 2580 947 2638 mihi
961 2600 979 2639 a
992 2591 1021 2639 te

72 2697 138 2739 non
152 2697 218 2739 esse
232 2680 366 2751 redditas
380 2698 453 2756 quas
468 2679 502 2740 L.
512 2679 674 2752 Quinctius,
686 2679 832 2738 familiaris
847 2697 939 2750 meus,
953 2697 1021 2738 cum

72 2779 171 2850 ferret,
193 2777 231 2837 ad
252 2778 369 2836 bustum
390 2777 478 2836 Basili
499 2778 664 2837 volneratus
684 2788 713 2836 et
736 2778 877 2854 spoliatus
898 2786 950 2836 est.
995 2797 1020 2836 a.

72 2875 198 2935 Videbis
211 2877 305 2952 igitur,
320 2894 391 2934 num
406 2876 476 2952 quid
490 2876 618 2934 fueritin
632 2877 675 2947 iis,
691 2877 772 2952 quod
790 2894 838 2934 me
854 2875 927 2934 scire
945 2893 1022 2952 opus

73 2975 121 3045 sit,
134 2985 162 3033 et
176 2974 262 3034 simul
276 2973 333 3033 hoc
348 2975 527 3048 διευκρινὴσεις
547 2979 687 3048 πρόβλημα
700 2993 771 3032 sane
784 2978 933 3033 πολιτικόνὶ
953 2992 1021 3033 cum

73 3074 113 3133 sit
133 3091 254 3132 necesse
275 3083 325 3132 aut
347 3072 446 3132 baberi
468 3071 601 3132 Caesaris
621 3073 773 3143 rationem,
793 3071 841 3130 illo
863 3073 1022 3131 exercitum

71 3171 121 3230 vel
142 3189 196 3247 per
220 3182 354 3231 senatum
367 3171 413 3229 vel
433 3189 486 3247 per
506 3171 638 3230 tribunos
656 3170 695 3247 pl.
708 3170 869 3241 obtinente,
884 3178 934 3227 aut
955 3189 1020 3245 per-

72 3269 190 3328 suaderi
206 3267 333 3340 Caesari,
348 3278 380 3327 ut
398 3269 491 3327 tradat
505 3269 685 3345 provinciam
707 3276 793 3344 atque
812 3268 972 3327 exercitum
993 3278 1022 3325 et

72 3371 115 3427 ita
143 3367 245 3427 consul
270 3367 327 3438 fiat,
354 3377 411 3439 aut,
436 3367 459 3425 si
486 3365 517 3425 id
544 3366 571 3424 ei
599 3384 661 3424 non
685 3364 900 3442 persuadeatur,
923 3365 1023 3423 haberi

72 3465 194 3528 comitia
219 3466 281 3524 sine
302 3465 376 3524 illius
398 3465 519 3537 ratione,
540 3464 590 3523 illo
613 3462 739 3541 patiente
761 3472 848 3540 atque
872 3463 1022 3521 obtinente
