2452 3842
60 225 105 284 ap.
124 203 178 294 7t.]
283 222 397 272 rrrsr.
420 223 656 272 anarrinon
675 226 708 272 rr.
727 208 756 274 8.
945 209 1005 290 169

59 381 173 437 tionem
186 387 247 436 tam
266 380 325 439 cito
344 381 480 452 amiserit,
494 380 724 440 mansuetndinis
743 380 774 438 iri
789 379 917 451 Metello,
933 379 1004 437 divi-

58 480 163 535 tiarum
192 479 222 535 in
248 479 367 538 aerario.
408 479 481 550 Iam,
510 481 616 556 quibus
645 489 741 538 utatur
767 480 812 536 vel
844 481 938 538 sociis·
959 479 1004 536 vel

58 577 208 647 ministris,
236 578 259 635 si
286 577 306 635 ii
334 579 505 654 provincias,
530 580 554 637 si
582 580 601 637 ii
629 597 691 637 rem
719 579 864 654 publicam
891 587 1004 653 regent,

59 692 186 750 quorum
215 694 303 734 nemo
331 677 390 736 duo
416 695 533 736 menses
561 678 655 753 pomit
682 677 889 755 patrimonium
918 693 1004 734 suurn

58 775 243 848 gubernare?
286 788 313 848 7.
335 775 407 834 Non
421 787 489 836 sunt
501 777 601 835 omnia
616 776 787 852 colligenda,
802 793 877 852 quae
891 785 922 832 tu
936 793 1004 832 acu-

59 875 170 931 tissime
191 875 340 950 perspicis,
362 875 414 934 sed
434 885 532 934 tamen
555 893 590 933 ea
610 893 689 951 pone
713 884 780 933 ante
803 874 923 933 oculos:
945 875 1003 930 iam

58 971 210 1047 intelleges
228 973 258 1030 id
276 991 400 1048 regnum
418 974 464 1030 vix
484 984 622 1032 semestre
642 992 708 1032 esse
729 991 825 1049 posse.
869 971 959 1043 Quod
980 972 1004 1028 si

59 1090 107 1128 me
127 1070 263 1143 fefellerit,
285 1071 384 1143 feram,
400 1074 475 1131 sicut
493 1073 575 1131 multi
597 1073 747 1131 clarissimi
768 1071 903 1130 homines
921 1070 952 1129 in
972 1088 1003 1127 re

59 1168 177 1244 publica
205 1170 379 1229 excellentes
407 1171 541 1242 tulerunt,
564 1172 621 1230 nisi
644 1171 718 1229 forte
742 1189 791 1229 me
815 1169 1004 1244 Sardanapali

59 1269 153 1326 vicem
168 1264 211 1346 [in
225 1286 280 1327 suo
299 1266 416 1348 lectulo]
433 1269 506 1327 mori
525 1269 609 1328 malle
629 1270 775 1328 censueris
794 1286 884 1345 quam
902 1267 1003 1326 exsilio

60 1365 288 1436 Themistocleo,
303 1368 353 1443 qui
367 1386 435 1426 curn
449 1367 558 1438 fuisset,
573 1377 605 1425 ut
624 1368 663 1426 ait
678 1367 875 1442 Thucydides,
890 1374 941 1422 τῶν
958 1369 1005 1437 μὲν

58 1470 193 1536 παρόντων
211 1468 241 1521 δι’
264 1469 406 1540 ἐλαχίστης
424 1471 522 1537 βουλῆς
541 1470 677 1540 κράτιστος
696 1471 809 1540 γνώμων,
824 1473 874 1522 τῶν
894 1468 922 1520 δὲ
942 1470 1004 1536 μιλ-

59 1567 160 1620 λόντων
181 1566 207 1622 e’s
226 1569 351 1621 πλεῖστον
373 1571 418 1620 τοῦ
437 1565 609 1638 γενησομένου
630 1567 737 1638 ἄριστος
757 1565 884 1635 εἰκαστής,
905 1573 1004 1621 tamen

58 1663 160 1727 incidit
176 1664 206 1720 in
223 1681 275 1721 eos
293 1681 387 1734 casus,
402 1682 477 1740 quos
491 1665 615 1734 vitasset,
630 1665 654 1722 si
671 1681 739 1721 eum
758 1663 829 1721 nihil
849 1662 1004 1721 fefellisset.

58 1761 122 1819 Etsi
141 1762 166 1819 is
185 1771 254 1833 erat,
268 1771 300 1820 tll
318 1763 357 1821 alt
372 1763 461 1832 idem,
475 1763 526 1838 qui
544 1766 575 1818 τὸ
592 1764 695 1833 ἄμεινον
713 1765 754 1818 καὶ
771 1765 801 1818 τὸ
818 1767 906 1834 χεῖρον
927 1765 954 1816 ἐν
967 1767 1004 1836 τῷ

57 1863 155 1932 ἀφανεῖ
173 1863 212 1916 ἔτι
230 1865 296 1934 ἑώρα
313 1864 436 1931 μάλιστα,
455 1872 553 1919 tamen
575 1879 637 1919 non
655 1861 733 1931 vidit,
755 1879 810 1920 nec
831 1877 890 1936 quo
912 1860 1003 1917 modo

57 1959 360 2018 Lacedaemoniorum
385 1978 442 2018 nec
464 1978 523 2036 quo
546 1960 637 2018 modo
659 1977 779 2018 suorum
804 1959 908 2017 civium
933 1959 1004 2014 invi-
1071 2017 1074 2024 ,

60 2059 139 2115 diam
167 2058 308 2134 effugeret
338 2077 394 2117 nec
422 2059 492 2135 quid
518 2058 672 2117 Artaxerxi
698 2058 888 2134 polliceretur.
933 2054 1003 2113 Non

58 2156 160 2215 suisset
181 2157 230 2214 illa
249 2176 311 2216 nox
331 2167 392 2216 tarn
413 2159 519 2216 acerba
537 2157 686 2227 African0,
704 2156 917 2232 sapientissimo
932 2155 1003 2224 viro,

57 2273 120 2313 non
149 2266 210 2314 tam
237 2255 315 2314 dirus
343 2256 390 2314 ille
419 2256 481 2314 dies
510 2255 645 2314 Sullanus
673 2254 858 2313 callidissimo
880 2256 942 2310 viro
968 2253 1001 2310 C.

58 2353 166 2424 Maria,
186 2355 210 2413 si
230 2355 301 2415 nihil
321 2364 477 2430 utrumque
498 2372 600 2413 eorum
622 2354 775 2422 fefellisset.
817 2352 882 2411 Nos
904 2362 1003 2410 tamen

57 2453 115 2511 hoc
131 2453 338 2511 confirmamus
353 2453 402 2511 illo
420 2453 550 2528 augurio
566 2472 625 2529 quo
644 2453 779 2523 diximus
794 2471 850 2511 nec
864 2469 919 2510 nos
933 2449 1004 2508 fallit

57 2570 113 2610 nec
136 2550 216 2608 aliter
238 2551 367 2609 accidet:
400 2555 427 2609 8.
457 2563 574 2610 corruat
594 2554 647 2619 iste
670 2570 790 2612 necesse
810 2560 857 2608 est
881 2559 930 2608 aut
952 2567 1003 2624 per

57 2650 240 2708 adversarios
256 2660 306 2708 aut
320 2651 382 2726 ipse
401 2669 454 2726 per
474 2669 514 2722 se,
529 2651 579 2726 qui
594 2651 713 2728 quidem
734 2651 788 2708 sibi
807 2659 852 2708 est
870 2650 1004 2707 adversa-

56 2751 116 2808 rius
133 2766 210 2807 unus
225 2750 404 2823 acerrimus3
429 2750 459 2808 id
478 2769 565 2826 spero
583 2751 653 2809 vivis
673 2751 760 2814 nobis
778 2749 849 2808 fore.
892 2748 1004 2820 Quam·

56 2867 148 2924 quam
168 2858 283 2924 tempus
301 2857 345 2907 est
366 2867 422 2906 nos
440 2849 477 2907 de
494 2849 542 2906 illa
562 2859 702 2926 perpetua
722 2849 789 2919 iam,
808 2865 869 2910 non
889 2847 925 2906 de
946 2847 1003 2904 hac

56 2948 164 3023 exigua
182 2947 241 3005 vita
260 2949 396 3022 cogitare.
439 2947 490 3005 Sin
511 2947 582 3024 quid
603 2948 739 3006 acciderit
760 2947 909 3018 maturius,
924 2947 1002 3005 haud

57 3063 128 3104 sane
149 3063 217 3104 mea
236 3045 359 3104 multum
381 3046 547 3117 interfuerit,
569 3055 665 3104 utrum
687 3045 797 3104 facturn
818 3047 940 3116 videam,
963 3063 1001 3102 an

57 3145 186 3202 futurum
201 3163 265 3203 esse
278 3146 369 3204 multo
385 3155 452 3204 ante
462 3145 589 3204 viderim.
629 3145 714 3216 Quae
729 3163 796 3202 cum
810 3147 850 3203 ita
864 3146 929 3215 sint,
941 3163 1003 3202 non

56 3253 102 3302 est
122 3244 373 3315 committendum,
387 3254 420 3302 ut
438 3245 472 3302 iis
488 3262 615 3320 paream,
631 3261 706 3320 quos
727 3253 829 3303 contra
849 3263 898 3302 me
918 3263 1002 3303 sena-

57 3353 115 3412 tus,
131 3359 169 3400 ne
184 3341 254 3418 quid
268 3361 314 3401 res
328 3343 445 3418 publica
459 3342 622 3401 detrimenti
637 3343 789 3418 acciperet,
804 3344 932 3402 armavit.
975 3362 1002 3416 9.

58 3439 129 3499 Tibi
158 3449 225 3519 sunt
255 3443 356 3500 omnia
389 3442 603 3514 commendata,
631 3459 707 3518 quae
740 3442 1003 3502 commendationis
