2454 3842
220 225 282 295 154
489 224 529 272 Μ.
554 223 675 272 ronan
696 223 881 272 crosnorvrs
1034 209 1104 291 [νιῐε
1118 221 1158 267 111,
1217 237 1219 290 5

218 383 361 458 relinquit,
383 381 421 440 ad
445 390 593 457 posterum
622 380 729 438 bellum
756 381 885 436 ἄσπονδον
912 377 982 437 strui
1010 376 1157 436 existimo!
1217 353 1219 406 ἶ

219 481 315 539 Huius
329 481 415 556 igitur
429 480 495 538 belli
515 497 571 554 ego
591 479 734 555 particeps
754 489 782 537 et
801 477 898 536 socius
916 486 945 535 et
964 476 1081 535 adiutor
1099 496 1159 536 esse

218 595 318 655 cogor,
332 579 414 655 quod
428 579 602 636 ettenorum
620 586 664 635 est
682 582 709 633 et
725 593 792 634 curn
814 576 932 633 civibus.
974 574 1094 634 Deinde
1114 596 1161 634 vn.

219 679 290 737 Idus
309 678 401 748 Febr,
416 695 484 734 cum
504 678 562 734 iam
582 675 663 750 plura
683 674 796 733 audires
818 675 854 732 de
875 674 1009 749 Pompeii
1030 675 1162 744 consilio,

220 777 369 836 concludis
394 775 546 852 epistolam
566 774 713 851 quandam
737 773 794 832 hoc
818 773 925 831 modo:
948 777 1023 850 ‘ego
1045 776 1163 850 quidem

217 877 267 935 tibi
292 894 353 934 non
377 874 432 932 sim
457 884 565 945 auctor,
591 874 615 931 si
642 872 799 948 Pompeius
829 871 941 930 Italiam
969 873 1116 950 relinquit,
1137 883 1164 931 te

219 993 337 1052 quoque
354 972 528 1050 profugere3
550 989 666 1031 summo
686 972 765 1029 enim
785 970 914 1046 periculo
935 970 1026 1029 facies
1047 991 1106 1030 nec
1126 974 1164 1029 rei

219 1073 351 1149 publicae
370 1072 508 1147 proderis,
524 1070 569 1129 cui
583 1069 701 1145 quidem
720 1069 864 1144 posterius
882 1069 990 1144 poteris
1013 1071 1163 1145 prodesse,

220 1173 244 1230 si
258 1170 416 1229 manseris!
458 1169 556 1241 Quem
573 1173 729 1241 φιλόπατριν
745 1186 779 1225 ac
798 1170 929 1224 πολιτικὸν
947 1167 1080 1228 hominis
1102 1188 1164 1246 pru-

221 1270 315 1328 dentis
330 1277 359 1326 et
372 1268 457 1325 amici
471 1267 519 1324 tali
534 1265 684 1324 admonitu
698 1282 759 1323 non
773 1276 901 1323 moveret
915 1267 1098 1326 auctoritas?
1139 1271 1164 1324 6.

223 1366 370 1442 Deinceps
387 1384 428 1424 ur.
443 1363 514 1422 Idus
528 1363 611 1421 Febr.
622 1363 726 1421 iterum
739 1362 810 1420 mihi
825 1364 985 1438 respondes
999 1367 1166 1425 consulenti

221 1465 281 1522 sic:
304 1463 403 1539 ‘quod
427 1462 540 1539 quaeris
561 1480 579 1521 a
602 1480 650 1518 me
674 1461 812 1536 fugamne
833 1465 852 1530 †
873 1461 962 1520 fidam
987 1481 1027 1520 an
1052 1483 1166 1524 moram

222 1562 351 1620 desidem
366 1562 507 1619 utiliorem
521 1571 629 1636 putem,
645 1577 700 1634 ego
715 1577 783 1617 vero
803 1559 832 1616 in
851 1561 1015 1635 praesentia
1037 1565 1166 1623 subitum

223 1661 383 1719 discessum
398 1670 425 1718 et
442 1659 629 1736 praecipitem
644 1658 853 1734 profectionem
868 1677 935 1717 curn
949 1659 1010 1726 tibi,
1028 1671 1093 1720 tum
1112 1664 1168 1740 ipsi

222 1758 326 1818 Gnaeo
341 1758 470 1816 inutilem
490 1767 518 1815 et
536 1757 729 1833 periculosam
747 1767 827 1833 puto,
842 1767 870 1814 et
891 1758 979 1816 satius
1001 1777 1069 1818 esse
1092 1763 1168 1820 exis·

221 1859 292 1916 timo
321 1875 373 1917 vos
402 1858 567 1933 dispertitos
595 1866 623 1913 et
650 1857 681 1912 in
709 1855 834 1930 speculis
862 1873 942 1927 esse;
972 1857 1025 1915 sed
1049 1860 1168 1918 medius

221 1957 306 2014 fidius
321 1965 404 2032 turpe
418 1956 503 2014 nobis
517 1963 589 2030 puto
604 1972 668 2012 esse
682 1953 718 2010 de
733 1953 802 2028 suga
816 1953 961 2030 cogitare?
978 1969 980 1976 ’
996 1954 1069 2014 Hoc
1085 1967 1169 2033 turpe

222 2053 341 2113 Gnaeus
355 2064 453 2112 noster
466 2054 584 2111 biennio
598 2063 665 2110 ante
679 2051 814 2126 cogitavit
822 2070 830 2122 ;
846 2052 885 2110 ita
900 2052 1040 2111 sullaturit
1050 2056 1170 2113 animus

221 2155 282 2211 eius
297 2164 325 2211 et
339 2152 538 2228 proscripturit
550 2151 608 2208 iarn
623 2151 680 2209 diu.
723 2149 805 2220 Inde,
820 2159 852 2207 ut
870 2151 982 2226 opinor,
997 2171 1068 2210 curn
1084 2163 1118 2212 tu
1134 2155 1171 2212 ad

221 2271 268 2310 me
281 2252 423 2328 quaedam
436 2254 601 2325 γενικώτερον
611 2249 774 2324 scripsisses
788 2257 817 2306 et
832 2265 888 2323 ego
903 2249 973 2306 mihi
987 2269 1004 2308 a
1018 2259 1047 2308 te
1064 2234 1171 2332 [quae-

221 2345 303 2430 dam]
326 2350 479 2426 significari
507 2358 665 2423 putassem,
685 2357 717 2404 ut
741 2344 824 2404 Italia
848 2347 990 2414 cederem,
1013 2349 1172 2410 detestaris

221 2447 278 2506 hoc
293 2448 443 2524 diligenter
457 2467 494 2506 xr.
507 2446 546 2504 K.
558 2446 658 2505 Mart:
674 2451 747 2520 ‘ego
762 2463 831 2503 vero
845 2445 923 2502 nulla
937 2447 1061 2522 epistola
1078 2451 1172 2526 signi·

222 2545 313 2615 ficavi‚
328 2547 353 2605 si
371 2546 491 2605 Gnaeus
510 2545 593 2603 Italia
613 2545 736 2614 cederet,
750 2555 781 2602 ut
799 2554 830 2601 tu
847 2562 906 2601 una
924 2545 1050 2618 cedereS,
1068 2561 1132 2620 aut,
1148 2553 1176 2606 si

222 2644 388 2718 significavi,
413 2663 475 2702 non
503 2643 569 2701 dico
598 2642 640 2700 fui
666 2643 842 2707 inconstans,
866 2642 918 2700 scd
945 2631 1088 2702 demens!
1136 2648 1172 2704 In

221 2742 326 2799 eadem
341 2743 462 2817 epistola
482 2741 539 2799 alio
558 2741 644 2799 loco:
660 2741 745 2798 ‘nihil
764 2740 932 2816 relinquitur
949 2742 1004 2799 nisi
1024 2742 1107 2818 fuga,
1124 2748 1173 2804 cui

222 2849 249 2896 te
275 2841 386 2897 socium
411 2841 580 2915 neutiquam
602 2849 673 2915 puto
698 2857 762 2896 esse
787 2847 920 2913 oportere
944 2857 998 2897 nec
1022 2858 1174 2917 umquam

221 2937 335 3013 putavi!
379 2952 405 3011 7.
427 2939 536 2997 Totam
563 2948 660 2996 autern
688 2938 762 2996 hanc
792 2936 1028 2995 deliberationem
1055 2941 1175 3000 evolvis

222 3037 382 3095 accuratius
397 3038 426 3093 in
440 3037 539 3095 litteris
553 3055 613 3094 v111.
629 3035 695 3094 Kal.
711 3036 796 3094 Mart.
808 3034 898 3093 datis:
914 3035 955 3092 ‘si
970 3034 1022 3093 Μ’.
1034 3034 1175 3114 Lepidus
1216 3103 1217 3106 Ἴ

222 3146 251 3193 et
279 3135 312 3193 L.
335 3135 486 3194 Volcatius
513 3144 672 3203 remanent,
700 3135 878 3192 manendum
904 3143 985 3209 put0,
1009 3135 1048 3192 ita
1078 3147 1122 3208 ut,
1152 3141 1176 3198 si

223 3233 317 3291 salvus
339 3234 375 3292 sit
400 3233 556 3310 Pompeius
584 3244 612 3292 et
639 3233 797 3292 constiterit
825 3231 937 3303 alicubi,
961 3231 1037 3290 hanc
1065 3241 1177 3294 νεκυίαν

224 3331 369 3407 relinquas
383 3342 411 3389 et
425 3341 454 3389 te
467 3333 497 3388 in
512 3333 667 3389 certamine
681 3333 756 3389 vinci
771 3349 838 3390 cum
851 3330 900 3389 illo
919 3330 1028 3390 facilius
1047 3335 1177 3406 patiaris

225 3447 313 3504 quam
334 3447 401 3488 cum
425 3429 482 3487 hoc
506 3430 536 3486 in
561 3447 605 3499 ea,
626 3446 700 3504 quae
725 3430 894 3505 perspicitur
919 3428 1020 3500 lutura,
1042 3432 1177 3495 colluvie
