2436 3836
225 216 287 283 272
496 211 534 260 ra.
560 209 679 260 russii
700 210 890 259 crosnoms
1081 195 1149 285 [ras
1162 214 1186 257 v.

224 370 274 446 qui
288 369 366 428 enlm
381 367 423 428 M.
437 368 600 460 Antonium
621 369 803 445 oppresserit,
818 369 844 427 is
864 367 985 426 bellum
1009 369 1185 428 confecerit:

224 469 321 544 itaque
343 467 492 528 Homerus
513 486 574 527 non
588 469 711 527 Aiacem
732 485 785 526 nec
806 466 969 538 Achillem,
995 469 1056 526 sed
1076 467 1184 526 Ulixem

224 565 377 642 appellavit
389 570 581 642 πτολιπόρθιον.

407 729 472 784 143.
516 724 573 783 ΑΙ)
594 722 846 782 FAMILIARES
868 722 922 781 XI.
951 743 1005 799 23·

321 839 386 900 Scn.
408 839 579 901 Eronsnms
599 861 659 900 vm.
682 842 760 900 ΚΑΙ..
781 841 881 899 Iuniis
902 859 997 900 inme.
1024 856 1101 916 711.

461 966 489 1008 n.
511 967 623 1007 usurus
643 967 665 1008 s.
688 967 715 1006 o.
737 965 769 1006 ir.
789 965 931 1006 crcsnorrr.

269 1079 292 1119 1.
316 1061 379 1122 Nos
402 1062 450 1122 hic
474 1063 603 1122 valemus
631 1071 709 1122 recte
735 1072 772 1132 et,
797 1078 856 1138 quo
883 1061 996 1120 melius
1023 1064 1179 1128 valeamus.

225 1177 344 1236 operam
358 1161 501 1220 dabimus.
542 1161 673 1237 Lepidus
690 1159 846 1219 commode
864 1159 952 1218 nobis
975 1163 1097 1220 sentire
1111 1163 1179 1220 vide·

225 1270 278 1316 tur.
320 1258 411 1318 Omni
431 1261 533 1318 timore
555 1259 688 1334 deposito
710 1259 849 1317 debemus
870 1258 960 1316 libere
984 1259 1032 1316 rei
1051 1261 1178 1335 publicae

225 1357 383 1418 consulere.
426 1356 516 1430 Quod
541 1358 565 1416 si
587 1357 686 1416 omnia
708 1367 805 1418 essent
828 1358 930 1427 aliena,
955 1366 1070 1416 tamen
1096 1360 1176 1417 tribus

224 1457 310 1514 tantis
330 1457 509 1528 exercitibus,
530 1457 654 1532 propriis
675 1457 716 1514 rei
737 1455 877 1533 publicae,
896 1455 1080 1528 valentibus,
1103 1474 1174 1531 mag-

224 1572 296 1612 num
310 1555 439 1612 animum
453 1554 559 1612 habere
575 1555 710 1624 debebas
726 1573 814 1630 quem
831 1563 859 1614 et
873 1571 994 1628 semper
1008 1554 1140 1614 habuisti
1151 1565 1173 1611 et
1210 1535 1213 1644 l

225 1669 303 1711 nunc
318 1652 432 1712 fortuna
446 1653 598 1710 adiuvante
613 1670 718 1728 augere
732 1663 825 1729 potes.
870 1671 895 1710 2.
913 1651 1004 1724 Quae
1019 1653 1077 1711 tibi
1096 1671 1172 1729 supe·
1212 1649 1213 1660 ³

226 1752 346 1811 rioribus
374 1751 472 1810 litteris
504 1769 570 1810 mea
604 1769 694 1810 manu
722 1753 831 1829 scripsi,
859 1751 988 1810 terrendi
1018 1754 1064 1810 tui
1094 1771 1172 1812 causa

225 1851 360 1910 homiues
372 1850 543 1927 loquuntur:
565 1851 590 1909 si
609 1850 723 1908 frenum
742 1849 943 1918 momorderis,
958 1867 1095 1925 peream,
1111 1852 1133 1909 si
1149 1859 1172 1907 te

227 1965 339 2020 omnes,
353 1957 425 2024 quot
447 1957 521 2018 sunt,
537 1957 693 2006 conantem
713 1947 793 2023 loqui
813 1946 885 2004 ferre
906 1957 1060 2023 poterunt.
1103 1949 1170 2024 Ego,

226 2047 277 2105 tibi
298 2056 329 2105 ut
350 2055 435 2105 antea
456 2046 565 2123 scripsi,
588 2045 658 2104 dum
679 2046 750 2104 mihi
775 2054 841 2103 ate
862 2045 973 2103 litterae
996 2047 1124 2118 venIant‚
1146 2048 1169 2103 in

227 2145 310 2204 Italia
323 2145 467 2203 morabor.
509 2163 569 2203 vm.
584 2143 622 2202 K.
637 2144 737 2202 Iunias
751 2143 904 2220 Eporedia.

412 2305 478 2360 144.
520 2301 577 2358 nn
597 2299 850 2360 rnnrrnrnnns
871 2300 908 2358 x.
932 2314 977 2373 35.

227 2417 315 2478 Dnra
335 2435 387 2475 nsr
408 2436 427 2474 n
448 2415 549 2475 Portis
570 2415 732 2475 Anonrtrno
753 2434 794 2473 m.
810 2413 887 2473 Knn.
907 2413 970 2472 Iun.
993 2434 1085 2477 nuc.
1109 2434 1164 2492 7¹¹·
1202 2433 1204 2530 s

282 2543 312 2582 lt.
334 2540 454 2582 LEPIDUS
475 2541 532 2581 nte.
555 2539 632 2580 ITllR.
653 2540 795 2582 Ponuntur(
815 2535 883 2580 HAX.
906 2538 928 2579 S.
949 2539 978 2579 D.
1000 2539 1127 2583 SENATUI
1201 2541 1202 2592 l

483 2636 593 2680 POPULO
614 2639 756 2688 PLEBIQUE
777 2637 924 2680 ROMANAE.

270 2734 299 2794 S.
313 2755 339 2793 v.
355 2735 493 2811 liberique
511 2735 596 2794 vestri
610 2751 636 2792 v.
650 2735 679 2792 b.
694 2753 719 2793 e.
734 2753 758 2794 e.
773 2753 801 2811 q.
817 2753 842 2792 v.
883 2731 965 2792 Deos
979 2733 1162 2814 hominesque

228 2842 325 2904 testor,
340 2842 436 2910 patres
451 2833 615 2910 conscripti,
630 2849 688 2909 qua
701 2841 798 2891 mente
817 2843 846 2890 et
859 2849 918 2908 quo
937 2833 1039 2892 animo
1060 2853 1162 2913 semper

225 2932 259 2988 in
273 2947 334 2987 rem
348 2931 493 3007 publicam
508 2931 615 2992 luerim
625 2941 654 2989 et
667 2948 755 3007 quam
769 2930 840 2988 nihil
857 2931 1002 3006 antiquius
1023 2936 1160 2992 communi

229 3027 319 3087 salute
334 3046 368 3086 ac
381 3029 511 3088 libertate
525 3029 690 3101 iudicarim3
712 3029 793 3105 quod
803 3030 884 3088 vobis
897 3029 975 3087 brevi
988 3034 1158 3105 probassem,

228 3125 284 3184 nisi
311 3125 381 3183 mihi
402 3127 517 3186 fortuna
541 3128 689 3203 proprium
715 3127 868 3186 consilium
892 3128 1079 3189 extorsisset:
1104 3149 1157 3190 nan

229 3222 370 3284 exercitus
389 3235 509 3284 cunctus
527 3225 766 3284 consuetudinem
780 3243 863 3284 suam
877 3225 906 3284 in
925 3225 1035 3284 civibus
1056 3247 1157 3288 conser-

229 3323 329 3380 vandis
357 3323 563 3397 communique
588 3341 669 3399 pace,
695 3324 835 3382 seditione
863 3324 946 3395 facta,
969 3324 1088 3386 retinuit
1109 3345 1154 3385 me·

229 3435 286 3490 que
304 3425 400 3476 tantae
419 3415 608 3476 multitudims
628 3419 732 3478 civium
752 3418 955 3480 Romanorum
970 3422 1069 3483 salutis
1083 3436 1153 3502 atque
