2454 3842
236 261 297 330 150
504 259 542 312 u.
568 259 690 308 runnu
711 259 900 307 nicanorus
1051 245 1159 328 [raam

236 415 336 475 Idibus
365 433 382 472 a
409 433 458 474 me
486 415 634 492 profectus
662 426 721 474 est:
754 433 790 474 eo
819 416 909 473 serius
937 414 974 472 ad
999 423 1079 472 tuam
1105 413 1161 471 illan

236 514 397 591 epistolam,
427 514 473 572 cui
501 532 558 590 ego
587 514 682 572 statim
718 514 929 588 rescripseram,
958 512 1085 571 redditae
1116 518 1162 570 sunt

235 631 318 671 meae
332 613 450 670 litterae.
492 611 539 670 De
558 611 699 675 Domitio.
715 621 746 669 ut
767 612 875 681 scribis,
891 612 931 669 ita
945 611 1049 687 opinor
1063 629 1133 680 esse,
1143 616 1164 664 ut

235 721 263 769 et
284 712 315 768 in
336 709 456 770 Cosano
477 711 512 768 sit
533 717 562 768 et
583 711 736 768 consilium
757 710 819 767 eius
840 709 998 784 ignoretur.
1040 708 1101 767 Iste
1117 724 1163 766 on-

235 812 316 868 nium
330 811 512 886 turpissimus
530 820 559 868 et
577 809 800 878 sordidissimus,
816 808 865 884 qui
883 808 1045 866 consularia
1062 807 1165 865 comitia

234 927 251 967 a
272 918 405 984 praetore
421 909 459 966 ait
481 907 581 966 haberi
605 925 703 984 posse,
718 917 762 965 est
783 907 870 975 idern,
886 907 936 982 qui
961 923 1075 981 semper
1097 908 1166 964 inre

235 1005 352 1080 publica
366 1003 426 1061 suit.
471 1002 574 1079 Itaque
594 1003 730 1059 nimirum
748 1001 806 1059 hoc
826 1001 895 1058 illud
910 1010 963 1072 est,
978 1001 1058 1077 quod
1071 998 1168 1060 Caesar

236 1103 334 1160 scribit
348 1103 376 1158 in
389 1120 424 1159 ea
438 1101 567 1177 epistola,
584 1100 666 1158 cuius
686 1099 852 1175 exemplum
874 1099 912 1156 ad
930 1109 959 1157 te
973 1099 1047 1170 misi,
1062 1116 1094 1157 se
1109 1097 1168 1158 velle

233 1202 274 1258 uti
302 1200 456 1259 ‘consilio'
493 1217 560 1257 meo
572 1218 580 1270 3
615 1205 677 1272 aget,
714 1206 794 1256 esto:
829 1196 886 1255 hoc
922 1215 1079 1256 commune
1117 1205 1169 1265 est;

234 1298 345 1372 ‘gratia
354 1297 382 1368 3’
404 1298 536 1372 ineptum
559 1297 589 1354 id
611 1295 738 1372 quidem,
754 1295 815 1366 sed,
828 1299 909 1372 pbto,
925 1296 985 1354 hoc
1007 1295 1124 1355 simulat
1145 1294 1171 1354 ad

235 1396 377 1471 quasdam
387 1406 552 1454 senatorum
568 1396 741 1465 sententias;
764 1395 923 1470 ‘dignitate
935 1394 956 1466 ;’
978 1394 1101 1453 fortasse
1117 1413 1172 1454 sen·

234 1494 324 1550 tentia
343 1493 496 1552 consulari.
539 1493 614 1551 Illud
633 1503 795 1551 extremum
816 1503 869 1566 est,
885 1497 960 1568 ‘ope
982 1493 1118 1551 omnium
1139 1511 1173 1551 re-

235 1589 329 1660 rum;'
351 1591 381 1648 id
401 1608 457 1666 ego
477 1591 617 1667 suspicari
632 1591 717 1667 coepi
731 1600 793 1648 tum
813 1609 849 1648 ex
870 1591 926 1649 tuis
947 1591 1045 1648 litteris
1060 1601 1112 1648 aut
1127 1592 1175 1649 boc

235 1690 332 1765 ipsum
360 1708 424 1748 esse
450 1699 498 1747 aut
523 1707 584 1747 non
606 1689 697 1748 multo
723 1707 823 1748 secus:
852 1707 922 1747 nam
946 1689 1100 1766 permagni
1124 1690 1176 1748 eius

234 1787 354 1846 interest
368 1805 429 1845 rem
444 1787 482 1845 ad
496 1788 694 1862 interregnum
709 1806 769 1860 non
783 1789 880 1846 venire
892 1808 899 1859 ;
922 1788 951 1845 id
966 1787 1148 1863 adsequitur,
1161 1787 1177 1844 si

233 1905 286 1962 per
310 1896 475 1962 praetorem
498 1885 634 1943 consules
658 1895 799 1944 creantur.
843 1887 907 1945 Nos
930 1895 1027 1945 autem
1050 1887 1080 1942 in
1104 1885 1178 1944 libris

234 1986 376 2044 habemus
392 2002 454 2042 non
468 1984 558 2041 modo
573 1983 707 2046 consules
722 1994 895 2060 apraetore,
911 1985 1014 2043 sedne
1033 1994 1180 2058 praetores

235 2084 353 2161 quidem
381 2083 472 2142 creari
499 2083 544 2140 ius
568 2100 640 2152 esse,
665 2083 754 2157 idque
781 2083 891 2142 factum
913 2102 978 2142 esse
1003 2069 1198 2158 numquamj.¹

234 2183 369 2242 consules
386 2200 422 2240 eo
437 2199 499 2239 non
513 2199 578 2239 esse
593 2182 646 2252 ius,
666 2182 747 2258 quod
760 2183 854 2240 maius
868 2183 1022 2280 imperium
1037 2199 1055 2237 a
1069 2182 1182 2240 minore

234 2282 329 2356 rogari
344 2299 405 2339 non
425 2280 463 2338 sit
482 2280 535 2350 im,
550 2291 699 2356 praetores
720 2290 824 2351 autem,
841 2299 907 2338 cum
929 2281 969 2338 ita
987 2287 1140 2354 rogentur,
1155 2289 1183 2338 ut

235 2379 364 2455 collegae
392 2379 561 2437 consulibus
590 2379 654 2442 sint.
679 2396 805 2454 quorum
827 2388 870 2436 est
898 2379 991 2436 maius
1016 2379 1182 2453 imperium.

235 2476 337 2536 Aberit
353 2496 415 2535 non
433 2477 522 2552 longe
544 2478 615 2552 quin
636 2477 694 2535 hoc
709 2496 726 2535 a
740 2494 787 2535 me
809 2477 927 2536 decerni
948 2476 1015 2535 velit
1035 2493 1137 2552 neque
1152 2480 1184 2536 sit

235 2585 390 2634 contentus
405 2574 509 2645 Galba,
525 2574 671 2644 Scaevola,
689 2573 800 2646 Cassio,
816 2574 964 2633 Antonio:

493 2685 552 2736 τότε
568 2705 607 2748 μοι
625 2687 695 2748 χάνοι
714 2687 791 2752 εὐρεῖα
808 2686 888 2749 godwi

235 2786 287 2844 sed
308 2794 418 2863 quanta
438 2795 595 2862 tempestas
620 2785 796 2862 impendeat,
817 2785 907 2844 vides.
951 2806 977 2857 4.
999 2785 1059 2857 Qui
1080 2789 1185 2845 transi-

235 2885 308 2944 erint
329 2895 485 2954 senatores,
501 2885 625 2942 scribam
641 2883 678 2941 ad
693 2894 730 2956 te,
745 2902 811 2942 cum
833 2894 943 2942 certum
963 2885 1091 2942 habeb0.
1141 2886 1185 2943 De

233 3001 264 3041 re
279 2983 464 3040 frumentaria
479 2991 556 3040 recte
574 2982 725 3058 intellegis,
740 3001 814 3058 quae
836 2985 916 3042 nullo
933 2983 1023 3041 modo
1045 2983 1185 3042 adminis-

234 3081 301 3138 trari
323 3081 385 3138 sine
405 3081 592 3156 vectigalibus
614 3089 719 3156 potest,
736 3098 791 3139 nec
813 3082 875 3140 sine
896 3100 984 3140 causa
1004 3090 1032 3138 et
1056 3098 1123 3154 eos,
1139 3083 1185 3158 qui

234 3180 344 3238 circum
358 3179 439 3236 illum
455 3188 531 3249 sunt,
546 3179 645 3236 omnia
664 3179 844 3254 postulantes
862 3188 891 3237 et
909 3180 1019 3238 bellum
1038 3179 1183 3238 nefarium

233 3277 325 3336 times
371 3275 542 3335 Trebatium
570 3288 711 3350 nostrum,
734 3279 796 3350 etsi,
819 3287 851 3335 ut
874 3277 983 3350 scribis,
1008 3276 1079 3334 nihil
1113 3281 1185 3338 bene

234 3385 340 3450 sperat,
366 3384 464 3431 tamen
486 3375 583 3432 videre
609 3393 679 3433 sane
702 3377 806 3447 velim;
829 3392 917 3451 quem
939 3374 985 3432 fac
1006 3377 1140 3436 horteris
1161 3387 1186 3434 ut

234 3480 371 3547 properet
380 3490 387 3543 ;
409 3481 575 3544 opportune
589 3473 668 3528 enim
682 3473 719 3530 ad
735 3491 781 3530 me
797 3483 863 3530 ante
878 3473 1034 3530 adventum
1049 3473 1185 3534 Caesaris
