2452 3842
231 211 290 274 224
506 205 545 256 rr.
571 205 693 254 ruam
713 206 905 255 orceaorrrs
1069 192 1134 274 [rm
1146 206 1168 248 r.

226 357 276 416 uhi
290 357 381 416 nostri
401 355 570 416 liberatores
584 358 637 415 tuti
654 376 719 416 esse
738 375 800 415 non
820 356 967 432 possunt?
997 352 1170 430 quiquidem

227 473 342 532 semper
356 465 441 514 erunt
455 455 531 526 clari,
546 456 725 514 conscientia
743 473 812 514 vero
831 455 900 513 iacti
919 454 966 512 sui
980 455 1076 511 etiarn
1089 451 1171 511 besti:
1203 504 1204 524 ,

227 554 357 623 aeduos,
373 554 489 612 nisime
504 553 581 622 fallit,
597 554 763 613 iacebimus.
805 552 910 628 Itaque
923 553 1004 610 exire
1020 569 1106 620 aveo,
1117 549 1171 605 ‘ubi

227 669 282 712 nec
297 651 519 728 Pelopidamm‚'
536 652 636 726 inquit
679 651 770 710 Haud
783 668 852 709 amo
866 650 912 708 vel
927 651 984 708 hos
995 649 1172 724 'designatos

227 749 277 827 qui
292 749 378 809 etiam
393 749 555 808 declamare
570 767 618 808 me
633 756 799 825 coegemnt,
813 758 898 806 utne
913 749 994 824 apud
1010 766 1108 823 aquas
1121 747 1173 820 qui·

228 848 295 908 dem
310 849 494 924 acquiescere
508 849 614 908 liceret.
658 848 717 908 Sed
728 849 785 908 hoc
793 866 877 907 meae
892 848 1001 905 nimiae
1018 846 1173 906 facilitatis:

227 965 296 1006 nam
310 946 340 1006 id
354 957 415 1005 erat
429 947 579 1024 quondam
593 948 675 1022 quasi
690 965 809 1006 necesse
821 966 829 1018 3
842 965 938 1028 hunc,
949 964 1082 1022 quoquo
1095 943 1175 1002 modo

227 1064 258 1106 se
278 1063 324 1104 res
344 1043 439 1115 habet,
458 1062 520 1103 non
538 1055 583 1103 est
601 1045 678 1102 item.
722 1065 750 1120 3.
771 1045 955 1120 Quamquam
973 1045 1095 1104 dudum
1115 1041 1176 1100 nihil

227 1145 330 1214 habeo,
345 1143 425 1220 quod
439 1143 477 1202 ad
492 1153 519 1201 te
534 1143 667 1213 scribam,
682 1143 778 1202 scribo
796 1154 902 1213 tamen,
917 1161 980 1201 non
996 1154 1034 1201 ut
1049 1151 1076 1200 te
1090 1142 1176 1200 delec-

228 1255 287 1302 tem
301 1242 373 1315 meis
387 1241 495 1312 litteris,
511 1241 563 1300 sed
577 1251 608 1300 ut
621 1241 735 1300 eliciam
755 1252 828 1300 tuas.
870 1241 927 1312 Tu,
943 1243 968 1299 si
986 1244 1068 1317 quid
1082 1242 1135 1299 erit
1147 1240 1176 1296 de

228 1339 338 1409 ceteris,
360 1339 397 1398 de
422 1339 513 1398 Bruto
533 1339 641 1415 utique,
663 1340 809 1417 quIcquid.
854 1338 938 1397 Haec
959 1340 1132 1416 conscripsi
1155 1357 1176 1394 x.

229 1437 295 1496 Kal.
320 1439 466 1496 accubans
495 1438 574 1513 apud
602 1437 778 1507 Vestorium,
806 1436 955 1496 hominem
984 1451 1140 1497 remotum
1163 1454 1177 1491 a

230 1535 396 1607 dialecticis,
410 1535 440 1593 in
456 1535 640 1595 arithmeticis
656 1536 724 1594 satis
738 1536 935 1594 exercitatum.

368 1697 433 1752 109.
476 1691 541 1752 AD
571 1691 814 1751 Arrrcurr
843 1692 1049 1767 xrv.13a

411 1829 441 1869 tt.
463 1827 606 1870 ANTONIUS
627 1827 685 1870 COS·
708 1828 729 1868 S.
752 1830 778 1868 D.
802 1830 833 1869 Μ.
855 1829 998 1870 CICERONI.

274 1950 299 1989 1.
321 1927 574 1989 Occueamorrmus
591 1936 635 1984 est
654 1925 764 1984 lactum
785 1928 858 1984 meis
880 1937 909 1985 et
928 1926 1023 1984 subita
1047 1937 1102 1984 tua
1116 1940 1177 2001 pro·

230 2027 363 2099 sectione,
383 2043 421 2083 ne
441 2034 538 2083 tecum
560 2040 660 2082 coram
682 2024 718 2081 de
739 2023 794 2082 hac
816 2042 846 2081 re
867 2041 1002 2099 agerem3
1025 2042 1124 2100 quam
1145 2022 1177 2078 ob

229 2143 348 2187 causam
360 2141 461 2182 vereor
479 2139 516 2180 ne
536 2122 666 2180 absentia
685 2138 752 2179 mea
771 2122 861 2180 levior
880 2123 916 2180 sit
935 2121 1014 2196 apud
1028 2131 1079 2180 te:
1104 2119 1178 2197 quod

230 2223 253 2285 sl
267 2222 381 2283 bonitas
396 2230 444 2280 tua
458 2220 638 2296 responderit
652 2218 759 2278 iudicio
773 2238 849 2290 meo,
865 2219 945 2296 quod
959 2237 1082 2294 semper
1096 2217 1178 2278 habui

231 2323 267 2382 de
293 2332 329 2392 te,
354 2319 499 2396 gaudebo,
543 2338 567 2376 a.
591 2317 619 2375 A
644 2317 770 2376 Caesare
792 2319 861 2394 petii
888 2329 919 2376 ut
948 2317 1016 2376 Sex.
1038 2317 1178 2377 Clodium

230 2405 406 2480 restitueret:
435 2417 593 2493 impetravi.
635 2415 705 2475 Erat
730 2416 801 2474 mihi
823 2417 854 2474 in
879 2416 978 2475 animo
1003 2416 1096 2475 etiam
1122 2427 1179 2474 tum

231 2518 271 2576 sic
285 2517 326 2575 uti
335 2515 478 2575 beneficio
492 2516 562 2586 eine,
578 2515 642 2574 situ
656 2515 870 2588 concessisses3
892 2532 951 2590 quo
960 2515 1058 2590 magis
1070 2515 1177 2581 laboro,

231 2623 262 2673 ut
285 2624 334 2674 tua
355 2614 501 2674 voluntate
524 2613 554 2671 id
576 2633 628 2690 per
652 2631 700 2671 me
722 2614 816 2671 lacere
837 2631 916 2670 nunc
936 2613 1036 2670 lr'ccat:
1060 2614 1145 2690 quod
1158 2613 1177 2669 si

231 2709 377 2770 duriorem
399 2721 427 2770 te
451 2713 513 2771 eius
537 2713 658 2770 miserae
682 2720 710 2769 et
733 2710 863 2769 adflictae
887 2711 1021 2769 fortunae
1046 2713 1177 2787 praebes,

231 2824 292 2866 non
320 2810 498 2870 contendam
530 2828 587 2887 ego
616 2810 753 2868 adversus
780 2818 828 2882 te;
865 2827 1045 2886 quamquam
1082 2811 1178 2869 videor

231 2905 337 2965 debere
351 2908 423 2966 tueri
443 2909 686 2967 commentarium
701 2906 842 2966 Caesaris.
886 2906 944 2965 Sed
962 2905 1143 2977 mehercule,
1158 2907 1177 2963 si

231 3004 393 3064 humaniter
415 3015 443 3065 et
466 3007 609 3084 sapienter
627 3014 656 3064 et
679 3004 838 3063 amabiliter
858 3004 889 3062 in
910 3023 957 3062 me
977 3005 1175 3080 cogitarem,

232 3099 345 3160 facilem
373 3102 504 3179 proiecto
532 3113 560 3161 te
588 3101 740 3179 praebebis
764 3112 792 3160 et
816 3102 896 3160 voles
921 3101 952 3159 P.
975 3100 1130 3174 Clodium,
1151 3103 1176 3158 in

231 3200 343 3277 optima
357 3217 408 3276 spe
429 3219 551 3277 puerum
570 3201 738 3276 repositum,
753 3199 915 3259 existimare
929 3217 989 3258 non
1007 3208 1037 3257 te
1056 3199 1175 3259 insecta-

120 3301 124 3309 '
230 3311 293 3358 tum
321 3316 394 3369 esse,
424 3316 491 3356 cum
518 3300 656 3374 potuerIS,
684 3300 796 3358 amicos
825 3309 969 3374 paternos.
1014 3317 1041 3372 3.
1065 3298 1173 3368 Patere,

231 3395 365 3463 obsecro,
380 3402 407 3450 te
422 3410 476 3464 pro
490 3411 521 3450 re
535 3394 651 3468 publiea
665 3395 753 3454 videri
774 3396 898 3472 gessisse
916 3395 1096 3454 simultatem
1112 3415 1172 3458 cum
