2432 3844
40 257 84 320 ap.
102 241 151 325 9.]
305 252 416 305 urrsr.
439 239 489 302 'An
510 253 674 304 arrrcuu
694 255 733 304 rr.
760 261 787 304 1.
957 257 998 326 25

39 412 145 472 facere
159 411 239 470 illum
248 412 318 470 mihi
327 430 416 488 quam
424 412 515 490 prosit
524 413 637 484 nescio;
650 412 833 488 reipublicae
844 422 997 489 certepro-

40 511 120 570 dest
148 509 240 582 Quid,
255 512 278 569 si
293 513 381 569 etiam
392 510 555 582 Caesarem,
567 513 648 570 cuius
657 529 734 568 nunc
748 511 826 568 venti
839 512 922 570 valde
932 521 998 571 sunt

39 609 184 679 secundi,
196 609 289 667 reddo
299 609 456 682 meliorem,
466 627 536 667 num
547 618 660 667 tantum
675 610 781 666 obsum
795 609 998 684 reipublicae?

41 721 69 782 7.
87 707 178 779 Quin
200 709 294 779 etiam,
312 708 335 766 si
349 708 419 765 mihi
440 726 528 766 nemo
550 709 698 778 invideret,
719 707 743 765 si
764 724 877 777 omnes,
892 717 924 765 ut
937 719 998 767 erat

40 823 190 881 aequum,
219 804 358 876 faverent,
388 815 486 864 tamen
520 824 582 864 non
610 806 707 863 minus
742 815 819 863 esset
846 806 998 880 probanda

40 905 206 974 medicina,
223 922 298 979 quae
313 913 428 963 sanaret
446 905 562 963 vitiosas
582 913 678 980 partes
698 903 738 961 rei
753 903 894 978 publicae,
909 920 997 977 quam

41 1021 126 1080 quae
149 1012 309 1060 exsecaret.
351 1002 438 1061 Nunc
460 1020 538 1073 vem,
560 1020 628 1060 cum
657 1002 799 1078 equitatus
825 1002 880 1072 ille,
909 1019 997 1078 quem

41 1119 105 1176 ego
122 1100 154 1159 in
166 1101 241 1158 clivo
256 1098 420 1176 Capitolino
435 1111 463 1159 te
477 1100 613 1176 signifero
624 1118 658 1159 ac
670 1101 799 1175 principe
815 1099 996 1170 collocaram,

40 1207 188 1257 senatum
197 1198 364 1269 deseruerit,
374 1200 465 1257 nostri
477 1207 572 1257 autem
582 1198 727 1274 principes
737 1198 827 1273 digito
843 1216 873 1256 se
884 1197 996 1257 caelum

40 1306 155 1372 putent
178 1298 328 1372 attingere,
351 1298 374 1355 si
395 1297 475 1355 mulli
496 1298 607 1356 barbati
622 1298 652 1354 in
667 1297 786 1372 piscinis
808 1298 872 1367 sint,
888 1298 937 1372 qui
959 1296 997 1355 ad

42 1413 176 1452 manum
191 1395 340 1467 accedant,
356 1395 412 1453 alia
431 1405 529 1454 autem
550 1396 714 1471 neglegant,
736 1414 835 1455 nonne
855 1396 906 1453 tibi
928 1395 997 1456 satis

41 1493 195 1568 prodesse
208 1494 316 1564 videor,
332 1495 355 1552 si
370 1494 489 1570 perficio
504 1503 535 1552 ut
549 1495 642 1552 nolint
663 1496 767 1553 obesse
789 1496 838 1570 qui
853 1494 995 1570 possunt?

44 1595 74 1650 8.
100 1610 174 1650 nam
195 1591 338 1650 Catonem
357 1603 489 1652 nostrum
510 1611 572 1652 non
591 1604 623 1651 tu
637 1611 718 1652 arnas
732 1593 796 1669 plus
815 1611 904 1669 quam
919 1610 976 1668 ego
986 1612 993 1664 ;

42 1691 103 1749 sed
119 1701 218 1750 tamen
233 1691 278 1750 ille
293 1692 405 1767 optimo
427 1693 524 1750 animo
544 1701 630 1751 utens
651 1701 680 1750 et
701 1710 816 1751 summa
838 1692 894 1750 fide
909 1700 995 1749 nocet

43 1789 199 1848 interdum
220 1790 261 1847 rei
282 1791 432 1865 publicae:
462 1789 530 1848 dicit
549 1792 627 1849 enirn
649 1800 797 1867 tamquam
818 1792 848 1848 in
868 1790 995 1849 Platonis

44 1889 177 1959 πολιτείᾳ,
189 1905 251 1944 non
265 1896 414 1964 tamquam
426 1888 455 1946 in
467 1887 586 1947 Romuli
597 1889 686 1961 faece,
698 1891 878 1948 sententiam.
915 1887 996 1962 Quid

44 1987 148 2044 verius
163 2003 252 2061 quarn
273 1987 304 2043 in
325 1986 463 2045 iudicium
479 1988 576 2045 venire
597 1989 646 2063 qui
668 1989 707 2047 ob
728 2007 790 2048 rem
811 1987 995 2046 iudicandam

44 2084 209 2158 pecuniam
223 2086 384 2160 acceperit?
405 2086 517 2143 censuit
536 2085 594 2144 hoc
609 2086 692 2157 Cato,
714 2087 841 2145 adsensit
862 2094 994 2144 senatus:

47 2182 165 2257 equites
180 2182 274 2239 curiae
285 2182 400 2252 bellum,
412 2200 474 2240 non
488 2182 575 2255 mihi3
597 2201 667 2240 nam
677 2202 733 2259 ego
749 2182 879 2242 dissensi.
915 2179 994 2251 Quid

45 2279 249 2354 impudentius
269 2280 431 2356 publicanis
448 2282 697 2339 renuntiantibus?
724 2281 776 2338 fuit
798 2290 895 2338 tamen
910 2279 994 2336 retin-

47 2377 120 2434 endi
144 2377 254 2436 ordinis
277 2396 366 2438 causa
391 2379 527 2438 faciunda
548 2379 675 2437 iactura:
700 2379 802 2437 restitit
824 2387 853 2435 et
877 2377 995 2454 pervicit

48 2474 128 2534 Cato
139 2494 149 2548 ;
178 2477 275 2552 itaque
300 2495 386 2549 nunc,
415 2478 535 2536 consule
563 2478 731 2537 incarcere
757 2475 878 2545 incluso,
907 2493 994 2551 saepe

47 2575 122 2632 item
142 2574 286 2632 seditione
308 2585 465 2646 commota,
484 2576 618 2652 aspiravit
637 2592 725 2633 nemo
746 2593 854 2645 eorum,
870 2592 994 2651 quorum

48 2691 110 2749 ego
133 2691 281 2731 concursu
303 2674 430 2749 itemque
448 2673 468 2731 ii
489 2675 633 2746 consules,
654 2675 790 2751 quipost
808 2673 994 2744 meluerunt,

48 2790 114 2829 rem
144 2771 292 2847 publicam
320 2772 476 2830 defendere
504 2773 643 2832 solebant.
685 2771 765 2844 Quid
794 2774 884 2848 ergo?
915 2773 995 2842 istos,

48 2869 174 2946 inquies,
196 2870 330 2928 mercede
351 2871 513 2930 conductos
533 2870 725 2929 habebimus?
755 2871 824 2947 quid
845 2871 994 2940 faciemus

48 2969 74 3026 si
95 2967 177 3026 aliter
196 2985 258 3026 non
279 2969 457 3045 possumus?
479 2987 516 3028 an
533 2969 670 3027 libertinis
692 2978 779 3046 atque
796 2969 883 3027 etiam
905 2969 993 3026 servis

49 3067 229 3124 serviamus?
273 3065 339 3137 Sed,
364 3076 396 3125 ut
418 3076 450 3124 tu
477 3067 528 3138 ais,
552 3069 609 3124 ἅλις
633 3069 755 3138 σπουδῆς.
797 3086 824 3142 9.
846 3066 992 3125 Favonius

49 3182 147 3222 meam
161 3165 267 3222 tribum
281 3166 343 3222 tulit
356 3165 506 3223 honestius
520 3182 610 3239 quam
625 3183 716 3236 suam,
727 3164 844 3222 Lucceii
859 3164 991 3241 perdidit.

49 3263 205 3321 Accusavit
222 3261 360 3322 Nasicam
381 3262 510 3334 honeste,
531 3280 566 3320 ac
586 3262 708 3320 moleste
729 3271 827 3321 tamen
848 3262 928 3334 dixit,
952 3263 991 3319 ita

49 3371 81 3419 ut
105 3360 204 3419 Rhodi
228 3361 369 3420 videretur
391 3361 476 3420 molis
498 3361 595 3436 potius
618 3378 706 3437 quam
731 3359 846 3417 Moloni
869 3376 989 3436 operam

49 3460 184 3535 dedisse3
219 3460 299 3533 mihi,
332 3461 413 3538 quod
447 3460 652 3533 defendissem,
683 3459 781 3520 leviter
815 3457 987 3519 succensuit.
