2454 3842
206 281 267 349 134
448 315 452 324 .
482 275 520 325 Μ.
547 275 667 325 rotun
689 275 875 325 cronnorvrs
1020 263 1094 346 [rm
1111 279 1155 326 rn.

204 453 266 493 non
279 433 408 510 potuisti.
423 451 483 512 quo
500 453 557 510 ego
575 435 703 494 maxime
723 452 843 511 operam
862 443 891 492 et
912 432 1082 492 fidelitatem
1104 435 1153 494 de·
1223 439 1224 466 l

204 533 325 592 sideravi
346 543 435 605 tuam,
450 551 520 593 cave
541 533 661 592 festines
682 543 731 592 aut
753 533 925 602 committas,
940 541 972 590 ut
992 541 1043 590 aut
1064 551 1155 610 aeger
1223 533 1224 544 ¹

203 639 253 690 aut
272 631 368 690 hieme
389 632 525 707 naviges:
547 649 708 708 numquam
729 648 793 714 sero
814 640 842 688 te
860 629 972 688 venisse
993 633 1117 706 putabo,
1131 633 1154 691 si

203 729 297 788 salvus
311 731 433 788 veneris.
476 729 582 789 Adhuc
603 729 752 789 neminem
772 730 909 800 videram,
927 728 977 804 qui
997 738 1026 788 te
1047 739 1156 805 postea
1224 695 1225 790 l

202 827 319 887 vidIsset
344 845 432 904 quam
453 827 496 885 M.
518 827 665 898 Volusius,
690 847 708 886 a
731 845 791 904 quo
814 836 878 886 tuas
900 827 1008 887 litteras
1033 830 1154 905 accepi:

203 926 284 1004 quod
299 943 359 984 non
374 926 498 984 mirabar
508 946 516 998 ;
537 926 726 1002 nequeenim
743 945 824 984 meas
843 937 914 1003 puto
934 927 973 985 ad
992 937 1021 985 te
1042 927 1153 986 litteras

203 1034 284 1084 tanta
306 1023 401 1082 hieme
423 1023 550 1100 perferri.
594 1023 653 1082 Sed
677 1025 715 1083 da
737 1043 866 1100 operam,
881 1029 920 1083 'ut
944 1025 1040 1084 valeas
1062 1036 1102 1096 et,
1127 1025 1152 1084 si

203 1122 320 1194 valebis,
335 1140 402 1181 cum
423 1129 500 1181 recte
521 1121 648 1198 navigari
665 1124 778 1198 poterit,
793 1134 855 1183 tum
876 1125 1003 1200 naviges.
1046 1123 1152 1183 Cicero

203 1240 287 1280 meus
300 1221 331 1278 in
344 1219 501 1280 Formiano
516 1229 584 1290 erat,
596 1218 734 1278 Terentia
747 1233 776 1280 et
787 1222 884 1280 Tullia
895 1222 1020 1282 Rornae.
1063 1221 1152 1294 Cura,
1224 1205 1225 1282 ]

204 1330 235 1378 ut
249 1319 352 1378 valeas
394 1337 445 1378 1111.
467 1318 505 1378 K.
527 1320 662 1378 Februar.
685 1318 795 1396 Capua.

526 1624 685 1685 semanno
703 1644 836 1686 merare.

508 1751 632 1792 ruamus
659 1751 759 1792 rnrom
787 1752 848 1792 sau.

381 1513 427 1567 53.
469 1509 527 1568 AD
548 1509 801 1570 FAMILIARES
823 1511 904 1571 XVI.
932 1525 976 1586 15.

249 1868 272 1906 1.
294 1847 434 1907 Amrrm
456 1847 493 1907 ad
514 1867 561 1907 me
582 1849 659 1907 venit
680 1868 722 1925 pr.
745 1849 815 1909 Idus
835 1848 905 1926 Apr.
949 1849 980 1909 Is
1003 1852 1059 1911 etsi
1081 1854 1153 1912 rnihi

205 1947 345 2006 nuntiavit
372 1956 400 2005 te
428 1946 514 2023 plane
539 1946 611 2005 febri
634 1964 731 2005 carere
756 1957 785 2006 et
809 1947 883 2006 belle
905 1945 1020 2020 habere,
1044 1960 1152 2021 tamen,

204 2046 285 2122 quod
313 2046 428 2122 negavit
456 2056 483 2103 te
508 2046 639 2123 potuisse
667 2045 704 2105 ad
728 2063 777 2104 me
800 2046 933 2118 scribere,
957 2065 1058 2106 curam
1081 2051 1154 2108 mihi

204 2144 304 2215 attulit,
319 2153 348 2202 et
362 2162 398 2204 eo
413 2144 516 2220 magis,
527 2143 608 2220 quod
623 2143 753 2213 Hermia,
768 2162 856 2220 quem
871 2144 976 2203 eodem
992 2146 1040 2204 die
1055 2150 1155 2206 venire

205 2252 379 2320 oportuerat,
395 2260 456 2300 non
477 2222 601 2300 venerat.
643 2240 808 2301 Incredibili
825 2259 890 2301 sum
906 2243 1101 2305 sollicitudine
1117 2249 1155 2306 de

204 2352 253 2400 tua
276 2341 448 2412 valetudine,
471 2358 529 2417 qua
553 2339 577 2398 si
601 2359 649 2398 me
674 2340 811 2411 liberaris,
837 2358 893 2417 ego
918 2351 947 2400 te
974 2345 1057 2402 omni
1085 2363 1157 2406 cura

204 2441 341 2500 liberabo.
382 2439 469 2498 Plura
496 2439 661 2510 scriberem,
685 2441 709 2498 si
731 2438 788 2512 iam
812 2450 945 2514 putarem
969 2440 1105 2502 lubenter
1128 2455 1158 2504 te

204 2537 300 2624 legere
321 2556 418 2614 posse.
461 2537 616 2614 Ingenium
637 2545 728 2607 tuum,
748 2537 828 2612 quod
849 2555 906 2613 ego
927 2540 1048 2598 maximi
1069 2541 1159 2616 saelo,

206 2635 306 2696 confer
320 2637 357 2695 ad
371 2647 399 2695 te
419 2635 489 2694 mihi
509 2635 618 2712 tibique
637 2633 878 2695 conservandum.
920 2634 1046 2697 Curate
1066 2641 1159 2700 etiam

207 2745 294 2811 atque
309 2735 395 2793 etiam
410 2734 569 2810 diligenter.
612 2731 694 2792 Vale.

248 2851 274 2892 a.
298 2831 411 2911 Scripta
432 2834 490 2892 iam
514 2832 637 2911 epistola
660 2832 782 2890 Hermia
806 2831 891 2890 venit.
932 2832 1043 2912 Accepi
1071 2849 1157 2899 tuam

205 2932 358 3011 epistolam
382 2933 579 2992 vacillantibus
606 2931 744 3000 litterulis
768 2948 822 2988 nec
847 2931 963 3003 mirum,
985 2942 1045 2992 tam
1070 2941 1158 3013 gravi

206 3032 320 3092 morbo.
361 3029 427 3108 Ego
442 3031 479 3090 ad
493 3039 522 3089 te
537 3031 702 3107 Aegyptam
716 3027 790 3098 misi,
806 3029 888 3104 quod
901 3049 957 3089 nec
975 3031 1158 3098 inhumanus

207 3141 250 3191 est
265 3140 293 3190 et
307 3139 335 3189 te
349 3131 425 3190 visus
441 3139 484 3190 est
498 3129 568 3187 mihi
585 3127 712 3203 diligere,
728 3135 759 3184 ut
776 3125 800 3185 is
819 3136 917 3186 tecum
936 3139 1021 3203 esset,
1036 3143 1065 3192 et
1085 3153 1159 3195 curn

207 3249 243 3290 eo
258 3247 394 3307 coquum,
410 3248 469 3307 quo
483 3238 602 3288 uterere.
644 3225 724 3285 Vale.
