2454 3842
55 187 96 247 sp.
112 169 167 254 αι]
249 145 251 150 ’
275 181 389 232 xrrsr.
412 182 462 230 ar)
484 181 648 231 arricum
672 185 715 234 rr.
741 188 770 233 2.
940 187 996 234 ιιι

55 332 159 390 tabulis
173 331 297 391 credidi:
316 333 341 391 is
354 333 451 392 multis
465 335 632 392 nominibus
643 334 674 393 in
684 333 895 411 Trophoniana
907 335 1000 396 Chae-

54 432 134 490 ronis
155 431 319 490 narratione
340 430 472 492 Graecos
493 434 523 491 in
546 452 582 492 eo
605 433 797 510 reprehendit,
821 434 901 510 quod
921 453 1001 494 mare

53 537 168 587 tantum
196 530 287 588 secuti
315 538 388 602 sunt,
412 548 467 590 nee
492 531 583 589 ullum
613 531 643 588 in
671 531 875 607 Peloponneso
903 531 1000 592 locum

54 628 170 704 excipit.
213 627 289 686 Cum
302 628 373 686 mihi
392 639 493 687 auctor
507 629 780 706 placeret-etenim
794 640 855 688 erat
869 633 1000 704 ἱστορικα-

54 750 132 784 αατος
147 734 178 785 et
190 709 298 785 vixerat
311 726 341 784 in
354 726 609 803 Peloponneso-,
624 727 786 786 admirabar
799 737 897 786 tamen
911 738 940 786 et
953 730 999 786 vix

55 824 217 883 adcredens
242 827 453 885 communicavi
474 845 542 885 cum
564 827 724 903 Dionysio;
750 836 836 902 atque
860 826 885 884 is
906 827 1001 903 primo

55 931 99 980 est
130 933 303 993 commotus
332 923 445 997 deinde,
475 925 555 1001 quod
584 925 621 984 de
648 925 704 983 isto
732 924 911 982 Dicaearcho
939 941 1001 982 non

54 1021 154 1078 minus
174 1022 249 1078 bene
268 1021 460 1082 existumabat
478 1042 567 1099 quam
586 1033 617 1082 tu
633 1023 668 1082 de
684 1021 716 1080 C.
733 1021 877 1095 Vestorio,
893 1040 949 1098 ego
965 1023 1001 1081 de

55 1119 99 1176 M.
116 1117 228 1192 Cluvio,
243 1138 305 1179 non
320 1121 469 1180 dubitabat
488 1123 558 1199 quin
577 1123 604 1181 ei
622 1122 823 1181 crederemus:
859 1120 1001 1179 Arcadiae

55 1220 197 1277 censebat
225 1236 290 1278 esse
317 1217 453 1296 Lepreon
489 1220 639 1297 quoddam
665 1220 857 1294 maritimum
899 1218 1002 1279 Tenea

55 1329 157 1377 autern
171 1327 200 1376 et
213 1317 352 1394 Aliphera
368 1328 397 1377 et
414 1316 506 1378 Tritia
527 1323 660 1375 νεόκτιατα
677 1319 703 1376 ei
720 1318 898 1390 videbantur,
914 1319 1001 1394 idque

54 1425 92 1495 τῷ
123 1424 173 1474 τῶν
200 1424 261 1473 νεῶν
289 1421 421 1494 καταλόγῳ
449 1418 647 1488 confirmabat,
671 1416 721 1474 ubi
749 1417 858 1475 mentio
886 1434 947 1475 non
971 1417 1003 1476 fit

55 1520 189 1576 istorum.
241 1515 343 1592 Itaque
375 1515 462 1574 istum
494 1533 551 1591 ego
582 1515 680 1574 locum
710 1515 832 1574 totidem
863 1516 957 1574 verbis
986 1534 1005 1574 a

54 1613 240 1673 Dicaearcho
264 1613 403 1674 transtuli.
446 1613 588 1672 Phliasios
609 1623 706 1671 autem
733 1613 791 1671 dici
817 1613 954 1688 sciebam,
976 1625 1004 1672 et

55 1713 97 1770 ita
112 1712 159 1771 fac
173 1723 205 1770 ut
218 1713 342 1785 habeas;
364 1731 419 1770 nos
439 1711 558 1787 quidem
579 1711 620 1769 sic
640 1710 787 1769 habemus.
831 1709 890 1770 Sed
908 1713 1004 1787 primo

56 1829 107 1869 me
128 1812 250 1886 ἀναλογία
271 1812 430 1888 deceperat,
445 1815 545 1876 Φλιαῦς,
560 1810 661 1874 Ὀποῦς,
682 1815 781 1880 zaraia,
796 1810 876 1884 quod
896 1811 1004 1868 ὀπαύν-

56 1933 117 1980 αιαι,
141 1910 291 1972 Σιπαύνααι.
335 1909 393 1968 Sed
413 1908 470 1968 hoc
492 1908 630 1966 continuo
651 1909 837 1966 correximus.
882 1925 908 1979 4.
931 1908 1005 1968 Lae-

55 2009 112 2066 tari
134 2017 164 2065 te
183 2017 283 2067 nostra
302 2008 501 2066 moderatione
523 2016 551 2064 et
572 2006 750 2065 continentia
770 2005 872 2064 video:
894 2015 956 2063 tum
975 2006 1005 2063 id

56 2106 156 2182 magis
176 2105 295 2179 faceres
310 2107 335 2164 si
356 2105 492 2166 adesses·
524 2105 621 2181 Atque
643 2104 700 2164 hoc
721 2103 795 2174 fom,
809 2104 889 2179 quod
903 2103 949 2178 egi
970 2121 1006 2161 ex

43 2187 162 2264 'Idibus
193 2204 368 2281 Februariis,
384 2205 547 2262 Laodiceae
581 2203 619 2262 ad
651 2202 718 2260 Kal.
749 2201 843 2260 Maias
876 2200 1006 2259 omnium

58 2303 241 2363 dioecesium
255 2313 368 2380 praeter
382 2301 509 2372 Ciliciae,
525 2300 665 2358 mirabilia
679 2299 822 2376 quaedam
837 2299 1005 2358 effecimus:

57 2406 100 2462 ita
129 2401 237 2458 multae
265 2401 393 2460 civitates
420 2401 500 2458 omni
526 2418 592 2458 aere
615 2398 710 2458 alieno
734 2399 877 2468 liberatae,
900 2397 1007 2456 multae

58 2501 145 2560 valde
168 2499 277 2558 levatae
298 2509 381 2570 sunt;
403 2515 507 2556 omnes
530 2498 589 2556 suis
610 2497 721 2573 legibus
742 2507 771 2555 et
794 2496 906 2555 iudiciis
927 2513 1006 2566 usae,

55 2597 211 2671 αὐτονομίαν
224 2597 355 2673 adeptae,
370 2597 541 2656 revixerunt.
583 2595 640 2654 His
655 2614 711 2672 ego
726 2596 839 2654 duobus
853 2594 1008 2672 generibus

57 2697 228 2756 facultatem
243 2695 281 2753 ad
295 2713 327 2753 se
341 2713 407 2753 aere
422 2694 516 2753 alieno
530 2693 695 2752 liberandas
710 2703 759 2754 aut
772 2693 909 2752 levandas
924 2692 1007 2751 dedi:

58 2813 131 2866 uno,
147 2794 224 2869 quod
238 2793 359 2852 omnino
381 2793 476 2851 nullus
495 2793 525 2850 in
543 2793 664 2868 imperio
683 2810 751 2850 meo
769 2801 902 2868 sumptus
916 2791 1009 2850 factus

60 2892 257 2953 est—nullum
283 2909 350 2950 cum
379 2892 455 2962 dic0,
478 2909 539 2948 non
564 2890 668 2966 loquor
690 2888 1008 2964 iarpfiolrxde-nullus,

60 2995 191 3067 inquam,
206 3009 243 3048 ne
264 2991 411 3049 teruncius
426 2990 552 3065 quidem.
594 2987 662 3046 Hac
677 2998 774 3048 autem
791 3007 822 3046 re
843 2987 1009 3046 incredibile

62 3099 106 3150 est
140 3098 280 3165 quantum
312 3089 440 3147 civitates
475 3087 652 3146 emerserint.
696 3101 723 3161 5.
744 3086 877 3144 Accessit
911 3085 1009 3144 altera.

62 3189 141 3246 Mira
155 3197 236 3245 erant
256 3187 286 3244 in
301 3187 462 3247 civitatibus
484 3187 614 3263 ipsorum
634 3183 709 3243 furta
730 3183 920 3255 Graecorum,
935 3200 1009 3260 quae

62 3285 250 3362 magistratus
271 3285 315 3344 sui
335 3285 479 3344 fecerant:
502 3284 628 3361 quaesivi
649 3284 713 3359 ipse
734 3283 771 3341 de
792 3282 834 3352 iis,
856 3283 906 3359 qui
927 3280 1009 3339 annis

64 3388 169 3446 decem
179 3384 319 3460 proximis
333 3384 532 3460 magistratum
543 3392 695 3461 gesserant
702 3399 712 3454 3
730 3389 828 3457 aperte
839 3381 1008 3439 fatebantur.
