2454 3842
237 215 298 262 110
510 211 549 260 ru.
575 211 695 260 ruatrr
715 212 903 261 orcaaoms
1057 197 1154 287 [nan.

461 450 507 505 38.
549 447 607 505 AD
628 446 823 506 ATTICUM
844 446 897 506 VI.
921 467 948 506 2.

295 559 359 622 Sca.
381 560 550 621 Laonrcuan
570 580 699 620 masura
720 580 814 621 uersa
835 560 920 622 Maro
941 580 1025 621 auc.
1049 577 1113 638 704.

548 687 651 728 cremo
671 687 778 729 arrrco
799 688 862 728 saa.

278 803 300 842 1.
324 783 394 844 Cuu
402 783 584 860 Philogenes,
598 783 715 842 libertus
724 793 799 854 tuus,
810 782 987 843 Laodiceam
996 784 1035 843 ad
1044 803 1092 844 me
1101 786 1162 844 salu-

233 884 313 942 tandi
333 901 420 942 causa
438 883 563 941 venisset
582 890 611 940 et
630 899 661 939 se
673 881 768 940 statim
787 881 825 940 ad
844 889 873 940 te
890 883 1093 958 navigaturum
1110 901 1164 942 esse

233 981 349 1052 diceret,
363 979 416 1038 has
437 981 463 1038 ei
483 979 590 1038 litteras
604 978 679 1049 dedi,
695 978 799 1055 quibus
820 979 922 1038 adeas
943 982 1088 1057 rescripsi,
1102 1000 1165 1058 quas

232 1096 402 1155 acceperam
430 1096 448 1135 a
471 1075 552 1135 Bruti
579 1077 726 1136 tabellario
738 1095 746 1149 ;
777 1087 806 1136 et
833 1079 1020 1154 respondebo
1048 1081 1165 1155 primum

231 1186 395 1252 postremae
409 1183 474 1232 tuae
489 1174 622 1250 paginae,
636 1191 711 1250 quae
725 1174 795 1232 mihi
809 1193 933 1252 magnae
947 1176 1100 1238 molestiae
1113 1176 1165 1247 fuit,

233 1273 313 1350 quod
332 1272 370 1330 ad
387 1280 417 1329 te
438 1272 576 1348 scriptum
597 1282 641 1330 est
660 1291 678 1331 a
698 1272 802 1332 Cincio
823 1273 859 1332 de
882 1272 1167 1346 Statii.sermone‚in

232 1388 291 1447 quo
306 1370 363 1429 hoc
379 1369 615 1428 molestissimum
634 1380 686 1440 est,
705 1369 828 1430 Statium
848 1371 943 1430 dicere
958 1389 976 1430 a
989 1390 1039 1430 me
1059 1390 1167 1449 quoque

232 1471 263 1529 id
277 1469 429 1530 consilium
443 1468 566 1544 probari.
607 1467 738 1528 Probari
755 1470 874 1528 autem?
896 1470 932 1529 de
947 1469 1006 1528 isto
1024 1471 1164 1530 hactenns.

231 1567 361 1626 Dixerim
380 1584 428 1624 me
448 1566 492 1624 vel
513 1566 636 1642 plurima
654 1567 747 1626 vincla
767 1577 864 1626 tecum
883 1585 1015 1626 summae
1036 1570 1167 1628 coniunc-

232 1666 319 1724 tionis
333 1674 442 1740 optare,
457 1665 510 1722 etsi
525 1675 590 1722 sunt
608 1666 714 1725 amoris
729 1666 889 1738 artissima;
911 1675 1024 1724 tantum
1038 1668 1127 1738 abest,
1141 1675 1166 1725 ut

233 1783 290 1840 ego
309 1782 346 1823 ex
366 1780 412 1834 eo,
431 1781 490 1840 quo
512 1764 618 1823 astricti
639 1783 748 1838 sumus,
769 1764 858 1824 laxari
880 1764 987 1840 aliquid
1007 1765 1104 1826 velim.
1145 1785 1166 1823 2.

231 1862 318 1921 Illum
345 1870 442 1920 autem
462 1860 552 1920 multa
573 1861 608 1919 de
629 1862 689 1920 istis
713 1863 798 1920 rebus
820 1861 948 1939 asperius
976 1861 1072 1920 solere
1097 1861 1167 1938 loqui

231 1979 317 2038 saepe
332 1978 396 2018 sum
411 1969 553 2036 expertus
568 1978 655 2038 saepe
670 1961 756 2019 etiam
770 1959 855 2018 lenivi
868 1960 992 2018 iratum:
1016 1959 1047 2018 id
1064 1961 1166 2021 scirete

231 2061 369 2132 arbitror,
398 2059 429 2115 in
453 2057 507 2116 hac
531 2067 627 2116 autern
651 2058 882 2134 peregrinatione
909 2057 1044 2116 militiave
1075 2069 1167 2118 nostra

232 2176 318 2234 saepe
351 2157 503 2214 incensum
536 2156 578 2213 ira
604 2156 671 2228 vidi,
701 2167 788 2232 saepe
815 2155 970 2232 placatum.
1027 2156 1110 2227 Quid
1136 2157 1167 2215 ad

231 2255 353 2315 Statium
378 2253 530 2330 scripserit,
553 2253 670 2311 nescio:
702 2253 841 2329 quicquid
867 2261 981 2312 acturus
1007 2253 1045 2311 de
1072 2253 1122 2311 tali
1142 2271 1168 2309 re

231 2355 291 2425 luit,
301 2351 485 2413 scribendum
499 2359 596 2409 tamen
611 2351 648 2409 ad
662 2351 795 2409 libertum
810 2350 945 2409 nonfuit.
987 2349 1063 2409 Mihi
1078 2362 1168 2410 autem

230 2453 282 2511 erit
301 2451 446 2509 maximae
467 2466 561 2520 curae,
583 2467 620 2506 ne
641 2447 711 2524 quid
736 2448 785 2508 fiat
809 2466 902 2519 secus,
928 2464 1016 2524 quam
1039 2447 1169 2506 volumus

230 2568 376 2627 quamque
391 2557 505 2624 oportet
512 2567 521 2621 ;
542 2566 597 2608 nec
611 2549 679 2607 satis
700 2557 743 2606 est
762 2548 793 2605 in
808 2549 869 2606 eius
883 2547 964 2605 modi
978 2564 1009 2604 re
1024 2564 1056 2603 se
1072 2563 1169 2622 quem-

229 2667 286 2726 que
300 2657 453 2724 praestare‚
468 2666 502 2706 ac
516 2647 660 2706 maximae
679 2655 776 2723 partes
798 2644 878 2704 istius
900 2644 986 2704 officii
1005 2653 1075 2702 sunt
1093 2643 1170 2720 pueri

231 2746 380 2807 Ciceronis
395 2747 452 2804 sive
466 2745 524 2804 iam
539 2744 747 2817 adulescentis;
768 2743 850 2820 quod
862 2743 981 2819 quidem
994 2742 1078 2800 illum
1094 2743 1170 2801 soleo

230 2845 346 2905 hortari.
388 2843 433 2903 Ac
451 2844 521 2902 mihi
538 2844 648 2902 videtur
666 2852 788 2901 matrem
809 2840 899 2912 valde,
913 2850 945 2898 ut
963 2840 1059 2911 debet,
1076 2859 1172 2900 amare

231 2953 316 3018 teque
344 2942 470 3002 mirifice.
514 2941 572 3001 Sed
598 2951 642 3000 est
663 2958 803 3016 magnum
827 2939 897 2997 illud
921 2937 1049 3015 quidem,
1073 2956 1171 2997 verum

229 3052 328 3099 tamen
350 3040 497 3118 multiplex
525 3040 606 3116 pueri
628 3039 786 3114 ingenium,
814 3036 845 3094 in
872 3054 932 3112 quo
960 3053 1016 3112 ego
1041 3036 1171 3112 regendo

229 3141 323 3199 habeo
332 3141 440 3216 negotii
455 3139 531 3199 satis.
564 3157 590 3213 3.
613 3137 761 3210 Quoniam
772 3136 908 3213 respondi
922 3143 1089 3212 postremae
1104 3145 1169 3193 tuae

230 3240 353 3318 paginae
380 3240 474 3316 prima
502 3257 576 3309 mea,
604 3256 683 3296 nunc
710 3236 748 3294 ad
776 3236 901 3312 primam
930 3242 1054 3294 revertar
1083 3243 1170 3294 tuam

231 3338 459 3415 Peloponnesias
484 3339 610 3396 civitates
635 3353 737 3395 omnes
765 3333 924 3392 maritimas
947 3351 1020 3402 esse,
1044 3331 1169 3392 hominis

230 3455 291 3495 non
315 3453 450 3512 nequam,
472 3434 523 3492 sed
548 3435 634 3491 etiam
655 3443 706 3492 tuo
727 3433 833 3492 iudicio
853 3433 976 3508 probati,
998 3429 1170 3490 Dicaearchi
