2436 3836
202 137 264 220 264
477 150 516 200 Μ.
542 149 662 198 ruam
683 151 871 200 crcauoms
1045 139 1116 226 [rm
1129 155 1155 201 r.

200 302 282 372 duae,
298 301 381 378 signa
395 317 440 358 cx.
456 310 522 358 sunt
543 301 633 360 relata
648 301 774 360 Antonii
817 301 880 360 Res
900 303 984 362 bene
1001 315 1093 380 gesta
1105 319 1151 363 esc

201 401 235 460 A.
250 399 276 458 d.
295 419 350 458 xvi.
366 399 404 458 K.
421 399 491 458 Mai.
506 419 543 458 ex
558 401 667 460 castris,

394 561 460 616 136.
502 556 559 614 no
581 557 831 616 eannnmnss
854 558 908 618 xi.
931 581 961 635 ⁹-

252 673 317 732 Scn.
339 691 369 731 m
389 690 505 732 casatus
526 671 614 732 Rucn
635 692 676 732 m.
698 673 775 731 Kar.
797 673 896 734 Maras
919 694 1010 734 auc.
1036 689 1103 750 711.
1202 709 1203 720 .

436 798 463 838 n.
486 797 598 838 saurus
617 798 640 838 s.
662 799 689 838 n.
712 799 744 839 u.
766 799 907 840 memora

248 915 272 956 1.
295 896 391 956 Pausa
412 896 519 954 amisso
540 905 681 972 quantum
707 896 869 955 detrimenti
889 916 939 956 res
962 899 1088 974 publica
1107 917 1150 955 ac-

204 997 319 1072 ceperit,
341 1012 401 1052 non
422 1002 451 1052 te
471 995 622 1070 praeterit:
651 1013 730 1052 nunc
751 995 919 1054 auctoritate
941 1006 972 1054 et
999 997 1151 1072 prudentia

203 1103 253 1152 tua
273 1094 431 1170 prospicias
452 1102 574 1168 oportet,
589 1111 626 1151 ne
647 1093 756 1152 inimici
776 1094 866 1152 nostri
887 1095 1067 1153 consulibus
1089 1097 1150 1153 sub

204 1193 267 1252 latis
289 1203 405 1270 sperent
426 1211 457 1252 se
478 1193 679 1252 convalescere
700 1210 797 1268 posse.
838 1192 914 1268 Ego,
929 1212 968 1252 ne
991 1195 1151 1253 consistere

204 1292 297 1366 possit
325 1293 354 1350 in
382 1291 465 1351 Italia
493 1291 650 1362 Antonius,
680 1291 757 1348 dabo
782 1309 920 1368 operam;
950 1309 1065 1368 sequar
1089 1311 1151 1351 eum

205 1389 376 1449 confestim:
411 1401 565 1467 utrumque
592 1408 640 1447 me
667 1398 879 1466 praestaturum
908 1407 1007 1464 spero,
1037 1409 1080 1448 ne
1108 1404 1151 1448 aut

205 1485 358 1546 Ventidius
383 1489 511 1548 elabatur
532 1498 581 1547 aut
601 1488 748 1546 Antonius
775 1487 805 1544 in
830 1487 912 1545 Italia
932 1498 1079 1548 moretur.
1122 1489 1152 1546 ln

205 1583 305 1660 primis
327 1603 402 1663 rogo
424 1597 461 1659 te,
486 1587 524 1646 ad
547 1587 698 1646 hominem
725 1585 970 1656 ventosissimum,
996 1585 1152 1662 Lepidum,

206 1681 310 1754 mittas,
326 1701 362 1744 ne
382 1685 490 1744 bellum
511 1685 597 1744 nobis
617 1683 811 1759 redintegrare
831 1683 924 1758 possit
943 1684 1083 1744 Antonio
1103 1687 1153 1744 sibi

207 1780 380 1842 coniuncto:
409 1802 478 1842 nam
499 1784 535 1842 de
556 1782 688 1841 Pollione
708 1781 811 1841 Asinio
831 1795 903 1858 puto
924 1791 953 1839 te
975 1784 1153 1859 perspicere,

207 1877 276 1954 quid
286 1878 412 1940 facturus
427 1881 471 1940 sit.
507 1881 618 1940 Multae
629 1891 656 1940 et
670 1883 766 1940 bonae
780 1890 809 1938 et
823 1881 922 1938 firmae
937 1890 1008 1939 sunt
1022 1880 1155 1957 legiones

209 1975 311 2054 Lepidi
326 1987 354 2037 et
368 1978 467 2037 Asinii.
515 1999 540 2037 2.
562 1980 668 2056 Neque
686 1981 759 2038 baec
777 1979 885 2038 idcirco
899 1977 951 2034 tibi
971 1979 1083 2050 scribo,
1099 1997 1154 2056 quo

208 2081 235 2132 te
257 2091 318 2134 non
339 2076 442 2136 eadem
463 2077 689 2137 animadvertere
711 2077 809 2142 sciam,
826 2075 877 2135 sed
894 2076 976 2150 quod
995 2075 1072 2134 mihi
1095 2096 1155 2153 per·

209 2173 406 2234 suasissimum
431 2184 475 2234 est
502 2174 647 2251 Lepidum
667 2183 745 2234 recte
770 2174 911 2233 facturum
932 2191 1111 2250 numquam,
1135 2176 1156 2232 si

209 2269 282 2332 sorte
307 2274 389 2334 vobis
417 2275 446 2334 id
474 2275 511 2334 de
538 2275 596 2334 hoc
624 2275 743 2333 dubium
771 2283 823 2333 est.
865 2272 1006 2330 Plancum
1037 2291 1157 2349 quoque

209 2369 386 2432 confirmetis
407 2390 468 2443 oro,
489 2392 577 2449 quem
596 2391 681 2449 spero
700 2373 785 2448 pulso
804 2371 934 2429 Antonio
955 2372 998 2429 rei
1021 2373 1156 2448 publicae

210 2487 270 2528 non
286 2467 457 2530 defuturum.
501 2471 531 2530 Si
546 2490 577 2530 se
591 2470 682 2548 Alpes
692 2470 839 2530 Antonius
853 2468 1002 2537 traiecerit
1017 2472 1156 2529 constitui

211 2567 385 2644 praesidium
405 2569 434 2626 in
453 2568 576 2644 Alpibus
596 2569 749 2628 conlocare
767 2577 796 2626 et
814 2577 842 2625 te
863 2568 899 2625 de
917 2567 999 2624 omni
1013 2586 1048 2627 re
1064 2569 1156 2628 facere

211 2665 369 2727 certiorem.
412 2685 453 2728 111.
469 2667 535 2725 Kal.
551 2666 653 2737 Maias,
668 2685 703 2725 ex
719 2665 819 2724 castris
833 2665 926 2740 Regii.
1202 2655 1203 2658 '

390 2829 456 2884 137.
499 2824 556 2883 AD
576 2822 830 2883 FAMILIARES
851 2821 905 2880 XI.
929 2841 974 2880 ro.

225 2933 291 2998 Sca.
313 2957 343 2998 na
363 2957 478 3000 casurus
498 2939 663 3000 Damnum
684 2958 724 2998 ur.
746 2937 823 2998 Nou.
845 2937 943 2996 Maras
964 2956 1052 2998 nuc.
1078 2954 1142 3016 711.

447 3066 475 3106 n.
497 3065 609 3106 usurus
629 3064 651 3104 s.
673 3065 700 3104 o.
722 3065 755 3104 u.
777 3062 918 3104 c1cunom.

258 3177 283 3218 1.
305 3159 374 3220 Nou
388 3161 456 3220 mihi
477 3180 539 3220 rem
557 3161 703 3238 publicam
725 3160 790 3236 plus
810 3158 916 3217 debere
930 3159 1055 3218 arbitror
1069 3179 1154 3237 quam

215 3277 262 3318 me
285 3257 342 3318 tibi.
394 3258 559 3318 Gratiorem
587 3277 634 3316 me
664 3276 727 3316 esse
751 3259 782 3316 in
805 3266 834 3314 te
862 3275 959 3332 posse,
987 3275 1082 3333 quam
1114 3263 1154 3319 isti

213 3377 296 3433 pervf
506 3373 559 3426 me,
582 3356 763 3431 exploratum
784 3355 875 3414 habes
884 3375 893 3428 3
916 3355 940 3414 si
960 3364 1062 3415 tamen
1085 3358 1152 3416 baec
