2452 3842
215 228 278 278 212
495 223 534 276 rr.
558 223 679 272 rurrrr
701 223 892 272 creunorvrs
1045 211 1171 294 [amru.

213 376 321 434 faceret
334 385 363 434 et
378 393 466 452 quam
481 394 566 434 suum
580 377 668 434 talem
682 394 752 452 erga
771 394 819 434 me
839 376 973 433 animum
986 374 1038 432 tibi
1052 384 1168 451 gratum

214 483 326 550 putaret
340 472 402 532 sore
413 493 420 546 ;
443 475 524 533 cuius
546 475 642 535 officia
658 475 829 533 iucundiora
850 474 961 532 scilicet
983 491 1074 549 saepe
1097 473 1167 530 mihi

214 571 337 643 fuerunt,
349 591 509 649 numquam
523 583 621 632 tamen
636 574 768 649 gratiora
813 571 864 630 Me
879 582 979 630 autem
993 590 1058 629 non
1073 571 1166 629 oratio

214 684 264 728 tua
285 671 380 730 solum
401 681 429 730 et
449 671 573 730 societas
588 689 682 746 paene
700 671 896 746 aegritudinis,
912 669 965 728 sed
986 671 1077 728 etiam
1100 688 1166 727 auc-

213 769 314 828 toritas
343 770 528 840 consolatur;
557 780 641 846 turpe
667 770 746 828 enim
773 787 838 827 esse
867 769 1003 826 existimo
1034 787 1082 826 me
1108 785 1167 825 non

213 870 253 927 ita
277 869 351 926 ferre
380 886 481 927 casum
509 887 617 941 meum,
642 879 674 927 ut
700 879 740 940 tu,
765 869 814 926 tali
840 867 1166 944 sapientiapraeditus,

214 965 366 1025 ferendum
387 977 479 1042 putas.
524 965 583 1025 Sed
605 967 756 1043 opprimor
777 967 922 1025 interdum
943 975 972 1023 et
993 965 1043 1022 vix
1065 966 1166 1024 resisto

212 1065 315 1134 dolori,
330 1065 411 1140 quod
425 1083 460 1122 ea
474 1083 521 1123 me
537 1064 645 1123 solacia
660 1065 805 1135 deficiunt,
821 1082 895 1140 quae
911 1062 1025 1132 ceteris,
1042 1081 1168 1140 quorum

213 1163 285 1220 mihi
305 1162 441 1238 exempla
461 1180 605 1238 propono,
626 1163 710 1220 simili
730 1163 760 1220 in
782 1162 897 1221 fortuna
918 1179 979 1219 non
1001 1161 1167 1220 defuerunt.

214 1260 293 1318 Nam
308 1269 336 1318 et
351 1259 388 1330 Q.
401 1259 558 1330 Maximus,
570 1260 620 1336 qui
635 1260 725 1318 filium
740 1259 931 1330 consularem,
944 1259 1060 1316 clarum
1074 1260 1167 1317 virum

214 1369 242 1417 et
265 1359 379 1434 magnis
404 1360 490 1417 rebus
518 1359 616 1434 gestis,
640 1359 744 1428 amisit,
769 1368 799 1416 et
823 1357 857 1415 L.
883 1357 1000 1427 Paulus,
1026 1358 1081 1434 qui
1109 1359 1168 1416 duo

214 1469 327 1534 septem
349 1457 461 1528 diebus,
479 1467 507 1516 et
528 1466 622 1515 vester
644 1455 745 1516 Gallus
766 1467 794 1514 et
815 1455 858 1514 M.
874 1454 958 1526 Cato,
974 1455 1025 1532 qui
1048 1474 1167 1514 summo

213 1556 342 1631 ingenie,
368 1573 483 1614 summa
509 1556 612 1614 virtute
640 1555 730 1614 filium
758 1555 891 1631 perdidit,
919 1555 954 1612 iis
983 1556 1169 1630 temporibus

214 1654 337 1724 fuerunt,
359 1663 391 1711 ut
412 1672 514 1712 eorum
534 1654 643 1713 luctum
665 1655 794 1730 ipsorum
816 1652 942 1729 dignitas
963 1654 1170 1712 consolaretur

214 1772 258 1822 ea,
274 1771 363 1829 quam
382 1771 419 1810 ex
436 1771 467 1810 re
482 1754 599 1829 publica
616 1755 878 1830 consequebantur.
923 1772 948 1809 2.
970 1751 1049 1809 Mihi
1071 1767 1169 1812 autern

214 1852 328 1910 amissis
349 1852 528 1910 ornamentis
549 1852 591 1921 iis,
614 1870 689 1928 quae
709 1852 772 1928 ipse
794 1869 1010 1910 commemoras
1031 1870 1170 1928 quaeque

214 1969 295 2009 eram
323 1949 457 2007 maximis
481 1949 629 2009 laboribus
654 1949 786 2026 adeptus,
811 1967 904 2007 unum
931 1951 1076 2008 manebat
1101 1951 1170 2009 illud

215 2049 364 2119 solacium,
390 2047 471 2124 quod
495 2059 628 2124 ereptum
650 2057 703 2108 e'st.
745 2048 816 2107 Non
843 2049 1005 2107 amicorum
1029 2051 1171 2126 negotiis

215 2167 277 2206 non
295 2148 336 2206 rei
351 2147 482 2223 publicae
497 2148 701 2223 procuratione
720 2147 951 2224 impediebantur
970 2149 1170 2222 cogitationes

214 2265 314 2318 meae;
337 2244 408 2304 nihil
428 2246 458 2304 in
478 2244 543 2304 soro
564 2265 651 2322 agere
672 2247 797 2313 libebat:
820 2247 949 2322 aspicere
971 2248 1088 2306 curiam
1108 2267 1171 2306 non

214 2346 370 2423 poteram?
392 2345 602 2416 existimabam,
618 2345 648 2404 id
662 2345 742 2422 quod
757 2355 825 2415 erat,
840 2363 944 2403 omnes
958 2363 1007 2403 rue
1022 2356 1053 2404 et
1068 2347 1171 2406 indus-

214 2445 285 2504 triae
313 2462 396 2502 meae
424 2442 533 2502 fructus
562 2454 590 2501 et
618 2443 749 2502 fortunae
778 2444 947 2520 perdidisse.
1000 2443 1072 2516 Sed,
1102 2464 1172 2503 cum

215 2545 374 2620 cogitarem
387 2542 460 2600 haec
477 2542 547 2599 mihi
563 2552 659 2600 tecum
680 2553 707 2601 et
722 2560 789 2601 cum
804 2542 977 2619 quibusdam
998 2561 1066 2601 esse
1087 2563 1170 2604 com·

215 2643 323 2712 munia,
345 2652 373 2700 et
397 2659 464 2699 curn
487 2640 652 2716 frangerem
674 2641 737 2698 iam
757 2641 820 2718 ipse
841 2659 889 2699 me
911 2648 937 2698 et
956 2657 1101 2716 cogerem
1123 2643 1170 2700 illa

216 2740 290 2798 ferre
310 2741 472 2810 toleranter,
488 2739 632 2799 habebam
646 2759 706 2816 quo
725 2740 924 2816 confugerem,
939 2741 989 2798 ubi
1009 2743 1170 2820 conquies-

215 2857 322 2910 cerem,
353 2839 434 2897 cuius
469 2840 500 2896 in
537 2857 671 2897 sermone
706 2848 734 2896 et
769 2841 907 2898 suavitate
941 2856 1047 2897 omnes
1086 2859 1169 2900 curas

215 2938 391 3015 doloresque
427 2939 622 3014 deponerem:
658 2956 736 2995 nunc
771 2948 868 2996 autem
899 2937 955 2995 hoc
990 2946 1052 2994 tarn
1089 2941 1169 3016 gravi

215 3037 335 3096 volnere
360 3037 446 3095 etiam
471 3037 527 3108 illa,
553 3055 628 3113 quae
653 3038 843 3096 consanuisse
867 3036 1047 3108 videbantur,
1070 3057 1168 3097 recru-

216 3136 356 3208 descunt;
386 3153 448 3194 non
471 3135 558 3206 enim,
581 3144 612 3193 ut
637 3145 700 3193 tum
724 3153 772 3194 me
793 3153 811 3193 a
831 3153 862 3193 re
883 3135 998 3210 publica
1019 3147 1168 3196 maestum

215 3234 321 3294 domus
342 3234 514 3310 excipiebat,
529 3252 604 3310 quae
625 3233 739 3304 levaret,
757 3234 799 3292 sic
820 3252 899 3293 nunc
919 3233 1008 3291 domo
1030 3252 1167 3294 maerens

215 3333 338 3390 adrem
361 3331 508 3406 publicam
537 3332 696 3406 confugere
720 3350 851 3408 possum,
875 3342 907 3391 ut
934 3333 964 3389 in
992 3332 1055 3390 eius
1080 3334 1167 3392 bonis

214 3430 409 3506 acquiescam.
451 3427 553 3502 Itaque
574 3439 603 3487 et
624 3429 714 3488 domo
735 3432 889 3489 absumet
910 3431 983 3503 foro,
1005 3432 1092 3508 quod
1114 3452 1167 3492 nec
