2454 3842
213 256 278 318 104
493 249 531 296 n.
557 247 677 299 ruunrr
697 247 885 299 crunnonrs
1042 233 1108 316 [em
1123 248 1149 295 ιι.

211 410 240 460 et
264 397 427 460 mehercule
451 397 620 459 umtorinte
645 405 694 460 tua
717 394 885 458 inflammati
906 393 1028 454 uicimus
1051 413 1150 454 omnes

211 497 317 556 -hoc
344 507 376 556 tu
402 498 442 556 ita
468 496 719 572 reperies-cum
742 493 924 564 abstinentia,
949 502 1013 554 tum
1041 493 1150 563 iustitia,

211 595 353 665 facilitate,
390 595 549 655 clementia.
600 593 679 654 Cave
712 603 797 670 putes
831 593 987 668 quicquam
1023 591 1152 651 homiues

211 694 304 770 magis
331 711 471 770 umquam
498 711 563 758 esse
589 692 707 752 miratos
735 707 824 768 quarn
851 690 963 750 nullum
993 691 1152 748 teruncium

213 809 260 850 me
280 793 431 850 obtinente
455 791 632 867 provinciam
660 800 792 866 sumptus
820 787 928 850 lactum
955 805 1021 848 esse
1046 806 1101 847 uec
1125 789 1153 846 in

212 907 273 948 rem
296 889 441 966 publicam
466 906 519 947 nec
542 889 572 946 in
593 905 770 964 quemquam
790 904 931 957 meorum,
952 893 1154 962 praeterquam

212 988 242 1046 in
270 986 303 1047 L.
325 986 453 1045 Tullium
480 987 615 1062 legatum.
658 984 697 1056 Is,
720 984 869 1060 ceteroqui
892 985 1052 1054 abstinens,
1077 978 1153 1064 [sed]

212 1085 285 1144 Iulia
312 1084 377 1162 lege
404 1084 529 1156 transita,
551 1083 641 1142 semel
667 1093 765 1144 tamen
793 1083 822 1146 in
848 1083 936 1152 diem,
958 1100 1030 1151 nou,
1052 1091 1085 1141 ut
1110 1081 1155 1138 alii

213 1183 354 1253 solebant,
376 1182 513 1241 omnibus
537 1181 614 1252 vicis,
637 1176 761 1260 [practer
786 1197 853 1243 euru
881 1181 971 1244 semel
995 1197 1086 1238 nemo
1111 1197 1155 1238 ac-

214 1274 303 1360 cepit]
322 1277 390 1338 facit
407 1289 438 1350 pt
457 1277 526 1338 rnihi
546 1279 733 1356 excipiendus
749 1279 796 1351 sit,
811 1297 879 1340 cum
897 1278 1061 1338 tenmcium
1080 1295 1157 1354 nego

214 1386 347 1453 sumptus
374 1377 498 1451 factum3
530 1387 643 1454 practer
670 1395 738 1437 eum
762 1378 874 1454 accepit
894 1395 990 1442 nemo.
1044 1378 1070 1434 6.
1094 1376 1157 1436 Has

215 1493 232 1533 a
248 1484 348 1534 nostro
363 1474 400 1547 Q.
410 1474 521 1534 Titinio
539 1476 639 1534 sordes
658 1475 831 1552 accepimus.
872 1474 939 1552 Ego
955 1475 1070 1536 aestivis
1089 1493 1157 1534 con·

215 1574 296 1638 fectis
317 1572 458 1645 Quintum
479 1573 595 1634 fratrem
616 1574 742 1636 hibernis
763 1584 792 1634 et
810 1573 928 1638 Ciliciae
950 1574 1095 1651 praefeci;
1121 1572 1158 1644 Q.

214 1673 377 1746 Volusium,
392 1674 433 1732 tui
449 1673 560 1732 Tiberii
577 1690 726 1750 generum,
740 1683 850 1736 certum
868 1672 1018 1734 bominem
1033 1681 1063 1731 et
1081 1672 1159 1730 miri-

215 1772 269 1832 fice
294 1772 494 1844 abstinentem,
516 1771 581 1834 misi
604 1773 634 1830 in
659 1769 795 1848 Cyprum,
817 1781 848 1830 ut
868 1771 909 1833 ibi
930 1770 1073 1848 pauculos
1097 1770 1160 1828 dies

216 1879 299 1939 esset,
322 1888 359 1927 ne
380 1869 456 1928 cives
481 1868 607 1931 Romani
631 1869 725 1946 pauci,
743 1870 795 1945 qui
821 1869 877 1933 illic
898 1869 1094 1945 negotiantur,
1117 1869 1160 1928 ius

216 1968 270 2032 sibi
297 1967 406 2026 dictum
433 1955 573 2043 negarent
580 1986 588 2039 ;
620 1985 689 2028 nam
712 1968 827 2028 evocari
850 1986 887 2028 ex
914 1967 1009 2028 insula
1032 1965 1162 2042 Cyprios

215 2084 275 2128 nou
291 2066 365 2126 licet.
390 2078 416 2140 7.
438 2066 506 2142 Ipse
523 2066 554 2124 iu
572 2065 674 2127 Asiam
692 2065 839 2141 proiectus
860 2083 925 2124 sum
946 2063 1043 2124 Tarso
1065 2063 1163 2124 Nonis

215 2165 362 2238 Ianuariis,
388 2182 449 2223 non
476 2164 637 2228 rrreharcule
663 2164 722 2230 dici
749 2173 853 2240 potest,
882 2182 940 2240 qua
967 2163 1163 2224 admiratione

216 2262 333 2324 Ciliciae
358 2263 503 2322 civitatum
526 2264 708 2340 maximeque
731 2262 935 2332 Tarsensium
962 2271 1070 2339 postea
1092 2281 1164 2322 vero

216 2381 304 2440 quam
337 2362 469 2421 Taurum
501 2371 696 2438 transgressus
725 2381 802 2434 sum,
829 2361 949 2422 mirifica
981 2364 1165 2437 exspectatio

217 2461 305 2519 Asiae
324 2471 487 2520 nostrarum
507 2459 692 2532 dioecesium,
711 2478 786 2537 quae
803 2478 857 2523 sex
877 2459 1026 2520 mensibus
1048 2461 1167 2537 imperii

217 2559 274 2620 mei
299 2558 390 2618 nullas
418 2576 498 2616 meas
519 2568 670 2635 acceperat
693 2559 808 2631 litteras,
832 2576 993 2635 numquam
1013 2557 1168 2634 hospitem

217 2655 332 2715 viderat.
374 2654 450 2720 Illud
474 2665 571 2715 autem
595 2665 710 2733 tempus
733 2657 888 2733 quotannis
907 2665 976 2716 ante
1000 2674 1049 2716 me
1071 2656 1170 2716 fuerat

218 2754 248 2812 in
261 2753 318 2811 huc
333 2763 470 2829 quaestu:
492 2755 619 2818 civitates
637 2754 804 2832 locupletes,
819 2773 857 2814 ne
876 2756 905 2814 in
922 2754 1042 2814 hiberna
1058 2756 1170 2814 milites

218 2851 387 2927 reciperent,
398 2869 524 2928 'magnas
541 2854 680 2930 pecunias
698 2854 813 2926 dabant,
828 2853 926 2930 Cyprii
944 2853 1052 2913 talenta
1067 2854 1171 2914 Attica

218 2969 270 3020 cc,
285 2967 343 3025 qua
355 2968 392 3010 ex
411 2951 606 3012 insula—non
624 2954 806 3026 ὑπερβολικῶς,
821 2950 873 3011 sed
891 2953 1037 3010 verissime
1057 2950 1171 3028 loquor

218 3066 396 3111 -nummus
420 3049 515 3110 nullus
542 3068 591 3112 me
615 3052 761 3110 obtinente
788 3050 969 3126 erogabatur.
1011 3048 1062 3107 Ob
1091 3049 1172 3110 haec

219 3146 368 3218 beneficia,
392 3148 497 3224 quibus
521 3149 560 3210 illi
582 3151 797 3226 obstupescunt,
822 3149 918 3208 nullos
941 3149 1069 3207 honores
1094 3149 1172 3208 mihi

219 3246 274 3304 nisi
295 3247 448 3307 verborum
469 3248 585 3310 decerni
604 3249 688 3321 sin03
712 3258 831 3319 statuas,
852 3247 927 3319 farra,
946 3247 1075 3320 τέθριππα
1097 3266 1171 3323 pro·

218 3344 314 3415 hibeo,
336 3362 390 3404 nec
411 3364 476 3405 sum
497 3346 527 3406 in
548 3346 605 3405 ulla
625 3364 656 3406 re
677 3347 731 3404 alia
754 3347 893 3406 molestus
920 3344 1091 3416 civitatibus,
1115 3345 1170 3404 sed

217 3439 342 3504 tortasse
362 3441 420 3512 tibi,
440 3441 490 3515 qui
510 3441 582 3505 haec
602 3442 766 3516 praedicem
787 3442 825 3504 de
845 3460 901 3504 me.
942 3441 1048 3513 Perfer,
1072 3443 1097 3502 si
1119 3460 1170 3502 me
