2452 3842
84 241 188 326 epm]
239 255 352 306 amer.
375 254 424 304 aa
445 255 668 304 rammam
693 256 772 305 vrrr.
798 240 847 304 16.
953 238 1014 324 163

84 413 325 472 intercessionibus
344 414 429 490 piane
447 416 582 475 incitatus
601 424 661 489 est3
682 433 742 473 non
761 411 940 473 mehercules
962 411 1015 469 erit

83 513 271 588 deprecationi
284 513 375 575 locus.
419 535 445 574 a.
467 515 535 587 Qua
553 534 584 574 re
605 515 630 573 si
647 514 700 572 tibi
713 523 753 585 tu,
768 513 792 572 si
811 511 885 570 filius
899 511 1011 580 unicus,

83 612 105 669 si
118 611 225 682 domus,
240 612 264 670 si
283 631 350 688 spes
369 621 436 672 tuae
454 613 580 690 reliquae
599 612 651 671 tibi
670 630 752 671 carae
773 620 847 680 sunt,
862 610 887 668 si
905 608 1013 684 aliquid

82 709 152 786 apud
169 720 198 768 te
218 727 282 781 nos,
297 712 321 769 si
335 712 377 769 vir
391 713 529 788 optimus,
543 730 634 788 gener
646 720 721 781 tuuS,
736 710 873 780 valemus,
887 724 1013 783 quorum

81 807 217 866 sonunam
242 826 303 866 non
331 809 420 869 debes
441 809 512 868 velle
540 812 720 880 conturbare,
742 816 774 866 ut
795 826 860 866 eam
884 823 1011 873 causam,

79 906 107 964 in
128 907 205 964 cuius
225 907 342 965 victoria
366 908 443 966 salus
464 917 563 966 nostra
584 917 635 980 est,
657 908 754 966 odisse
778 915 827 964 aut
851 905 1012 980 relinquere

80 1021 212 1081 cogamur
238 1015 287 1063 aut
314 1005 434 1081 impiam
457 995 644 1081 cupiditatem
666 1015 767 1064 contra
790 1003 910 1062 salutem
931 1011 1012 1060 tuam

78 1102 239 1162 habeamus.
279 1103 414 1180 Denique
436 1103 507 1163 illud
530 1105 646 1180 cogita:
676 1105 756 1180 quod
778 1103 908 1163 offensae
928 1100 1013 1158 fuerit

77 1200 106 1258 in
124 1201 176 1259 ista
194 1202 385 1272 cunctatione,
400 1212 430 1261 te
451 1203 581 1275 subisse3
606 1221 684 1261 nunc
705 1213 733 1261 te
753 1211 854 1261 contra
872 1201 1011 1259 victorem

75 1297 227 1358 Caesarem
248 1299 351 1371 lacere,
372 1319 461 1376 quem
482 1301 576 1360 dubiis
596 1303 683 1360 rebus
704 1300 817 1359 laedere
838 1298 964 1367 noluisti,
984 1306 1013 1354 et
1089 1317 1095 1324 ·

74 1398 112 1457 ad
129 1417 179 1456 eos
198 1398 314 1474 fugatos
333 1399 479 1470 accedere,
494 1417 568 1475 quos
588 1401 752 1458 resistentes
772 1398 854 1475 sequi
875 1396 1011 1466 nolueris

73 1514 203 1554 summae
226 1496 360 1555 stultitiae
384 1506 436 1556 est.
477 1496 553 1555 Vide
576 1515 621 1568 ne,
647 1496 718 1555 dum
742 1496 833 1572 pudet
857 1505 885 1554 te
907 1512 1012 1572 parum

72 1595 240 1670 optimatem
275 1613 348 1666 esse,
375 1613 479 1671 parurn
507 1595 667 1670 diligenter,
695 1596 766 1672 quid
793 1595 936 1671 optimum
966 1594 1010 1663 sit,

71 1693 168 1769 eligas
212 1713 238 1768 3.
259 1692 351 1765 Quod
372 1693 396 1751 si
416 1703 510 1752 totum
531 1695 582 1751 tibi
602 1695 776 1770 persuadere
797 1712 859 1752 non
879 1710 1010 1769 possum,

68 1787 180 1858 saltem,
197 1787 276 1860 dum,
290 1787 361 1865 quid
381 1786 417 1846 de
432 1787 584 1863 Hispaniis
599 1807 730 1864 agamus
745 1789 841 1859 scitur,
856 1797 993 1863 exspecta
1001 1806 1010 1858 ;

67 1905 143 1962 quas
163 1887 214 1944 tibi
234 1888 337 1945 nuntio
357 1885 484 1945 adventu
507 1885 639 1945 Caesaris
662 1886 723 1946 lore
746 1896 868 1946 nostras.
911 1885 1009 1957 Quam

65 1985 114 2044 isti
133 2003 218 2062 spem
239 1985 364 2044 habeant
381 1985 494 2044 amissis
509 1985 669 2061 Hispaniis,
683 1986 803 2058 nescio;
825 1984 904 2069 quod
921 2002 1009 2059 porro

63 2093 150 2142 tuum
171 2084 324 2142 consilium
346 2084 382 2142 sit
403 2085 441 2143 ad
461 2083 632 2160 desperatos
648 2083 795 2154 accedere,
813 2101 875 2141 non
895 2081 1009 2140 medius

62 2181 152 2240 fidius
167 2182 291 2257 reperio.
332 2202 360 2254 4.
381 2181 460 2252 Hoc,
475 2182 556 2258 quod
569 2193 601 2241 tu
615 2182 817 2241 non-dicendo
830 2181 900 2239 mihi
920 2181 1009 2255 signi·

59 2280 166 2350 ficasti,
183 2276 291 2338 Caesar
308 2280 437 2339 audierat
455 2299 498 2351 ac,
520 2281 691 2357 simulatque
711 2280 817 2360 ‘have'
838 2279 909 2337 mihi
929 2279 1009 2350 dixit,

59 2379 173 2448 statim,
195 2378 264 2454 quid
286 2379 322 2437 de
343 2389 372 2436 te
393 2378 528 2449 audisset,
549 2379 699 2456 exposuit:
724 2379 828 2454 negavi
848 2396 896 2436 me
917 2378 1006 2448 scire;

55 2475 116 2534 sed
137 2483 239 2534 tamen
259 2477 353 2535 abeo
374 2477 443 2552 petii
465 2471 494 2534 ut'
515 2477 553 2534 ad
574 2488 601 2535 te
622 2477 729 2535 litteras
749 2477 882 2546 mitteret,
900 2477 1007 2551 quibus

53 2575 193 2634 maxime
206 2573 244 2632 ad
260 2575 470 2633 remanendum
492 2577 669 2634 commoveri
683 2594 794 2651 posses.
836 2575 888 2633 Me
907 2593 1006 2634 secum

51 2675 86 2730 in
113 2671 293 2748 Hispaniam
319 2672 413 2744 ducit;
444 2691 522 2743 nam,
547 2674 602 2732 nisi
629 2674 671 2732 ita
693 2673 807 2745 faceret,
832 2692 889 2749 ego
917 2674 1005 2749 prius,

50 2789 153 2849 quarn
181 2771 219 2829 ad
246 2772 349 2830 urbem
381 2772 559 2842 accederem,
587 2774 765 2849 ubicumque
795 2791 884 2843 esses,
913 2773 950 2832 ad
978 2784 1007 2832 te

49 2870 271 2946 percurrissem
296 2879 324 2928 et
346 2869 403 2928 hoc
426 2889 445 2928 a
467 2881 496 2928 te
518 2889 665 2947 praesens·
680 2873 896 2932 contendissem
920 2882 1007 2948 atque

47 2969 143 3026 omni
164 2968 193 3024 vi
213 2977 242 3025 te
262 2968 453 3028 retinuissem.
496 2981 522 3040 5.
542 2969 639 3026 Etiam
663 2979 751 3046 atque
772 2971 867 3041 etiam,
891 2969 1005 3040 Cicero,

45 3066 168 3141 cogita,
182 3083 220 3124 ne
234 3075 262 3123 te
277 3075 400 3143 tuosque
415 3084 519 3124 omnes
533 3065 661 3124 funditus
676 3077 794 3139 evertas,
809 3087 847 3126 ne
862 3077 891 3127 te
909 3069 1005 3127 sciens

41 3165 248 3241 prudensque
268 3182 304 3222 eo
324 3166 468 3238 demittas
482 3164 560 3224 unde
579 3167 687 3224 exitum
702 3167 783 3226 vides
801 3168 911 3226 nullum
931 3186 1004 3226 esse.

41 3261 151 3333 Quod
177 3263 202 3321 si
225 3271 255 3321 te
277 3272 326 3321 aut
345 3281 432 3322 voces
456 3246 640 3341 optimatium
662 3275 847 3324 commovent
870 3275 919 3324 aut
942 3284 1004 3325 non

37 3361 206 3419 nullorum
223 3361 376 3420 hominum
394 3363 579 3422 insolentiam
598 3372 627 3421 et
648 3364 831 3422 iactationem
850 3364 923 3423 ferre
942 3381 1003 3422 non

34 3469 149 3536 potes,
177 3460 268 3536 eligas
291 3479 398 3521 censeo
422 3463 541 3540 aliquod
565 3463 709 3540 oppidum
731 3481 854 3522 vacuum
877 3481 894 3520 a
917 3462 1002 3533 bello,

500 3578 556 3618 Η
