2452 3842
216 197 231 240 2
237 195 278 259 34
497 191 536 240 ru.
562 191 682 239 rurrrr
704 192 894 241 crearemus
1059 181 1130 264 [ran
1146 198 1172 242 v,

219 354 418 404 remanserunt
445 343 475 402 in
508 345 629 403 civitate.
673 342 790 403 Civibus
817 344 898 404 victis
927 353 958 402 ut
995 357 1171 420 parceretur,

217 459 308 518 aeque
324 461 358 500 ac
373 459 507 519 promea
526 443 616 501 salute
632 443 765 502 laboravi.
811 462 837 517 3.
859 442 987 501 Possum
1008 444 1111 518 igitur,
1126 445 1170 520 qui

217 557 320 600 omnes
334 541 473 600 voluerim
488 541 658 612 incolumes,
673 559 778 612 eum,a
793 559 852 619 quo
866 541 896 599 id
910 542 1107 616 impetratum
1123 557 1169 612 est,

217 640 325 714 perisse
344 657 406 698 non
421 639 585 716 indignari?
608 657 676 698 cum
690 641 858 715 praesertim
878 640 956 697 idem
970 639 1118 700 homines
1136 643 1168 700 illi

216 746 245 796 et
267 739 389 797 invidiae
415 747 443 796 et
465 738 552 796 exitio
576 737 688 796 suerint.
731 737 885 797 ‘Flecteris
910 739 1002 813 ergo,'
1035 740 1170 816 inquiunt

216 839 373 913 ‘quoniam
393 837 500 895 sactum
522 846 653 896 nostrum
674 837 839 912 improbare
862 836 969 894 audes?
1016 837 1047 897 Ο
1072 858 1169 916 super-

215 935 294 992 biam
313 935 481 1006 inauditam,
496 935 568 994 alios
588 935 618 992 in
636 935 764 994 facinore
781 935 906 1011 gloriari,
921 934 984 992 aliis
1007 955 1049 994 ne
1075 939 1170 997 dolere

215 1034 334 1112 quidem
358 1036 498 1111 impunite
526 1035 629 1094 licerel
663 1044 692 1094 at
720 1034 792 1092 haec
820 1035 907 1092 etiam
932 1035 1025 1092 servis
1053 1055 1170 1114 semper

214 1133 303 1193 libera
318 1135 440 1205 suerunt,
456 1141 488 1190 ul
504 1134 645 1204 timerent,
660 1134 830 1209 gauderent,
844 1132 974 1192 dolerent
996 1152 1055 1193 suo
1073 1137 1170 1212 potius

214 1249 302 1308 quam
318 1234 432 1292 alterius
445 1233 578 1303 arbitrio;
601 1251 676 1308 quae
691 1249 776 1302 nunc,
792 1241 823 1289 ut
837 1231 956 1306 quidem
970 1231 1019 1289 isti
1035 1233 1170 1292 dictitant

214 1329 350 1389 libertatis
365 1341 506 1403 auctores,
521 1341 601 1390 metu
615 1332 701 1390 nobis
716 1339 887 1406 extorquere
906 1340 1065 1388 conantur.
1113 1332 1169 1391 Sed

214 1428 283 1485 nihil
307 1440 404 1504 agunt.
448 1449 475 1503 4.
497 1428 611 1488 Nullius
634 1446 774 1505 umquam
799 1409 917 1504 periculi
940 1429 1108 1488 terroribus
1133 1433 1168 1489 ab

213 1525 309 1585 officio
338 1537 387 1586 aut
414 1529 452 1586 ab
474 1528 652 1586 humanitate
681 1527 858 1598 desciscam3
891 1544 1056 1601 numquam
1089 1531 1168 1587 enim

212 1623 366 1682 honestam
388 1635 512 1684 mortem
537 1625 714 1701 fugiendam,
740 1641 827 1702 saepe
850 1625 937 1682 etiam
958 1626 1167 1700 oppetendam
1214 1627 1215 1634 ’

212 1724 317 1797 putavi.
362 1723 421 1782 Sed
435 1723 505 1800 quid
519 1724 589 1782 mihi
604 1734 785 1792 succensent,
797 1723 821 1782 si
832 1724 862 1782 id
877 1733 957 1799 opt0,
968 1733 999 1780 ut
1014 1729 1168 1799 paeniteat

212 1838 264 1878 eos
282 1822 326 1880 sui
340 1821 426 1880 facti?
448 1822 535 1898 cupio
554 1823 632 1880 enim
647 1821 780 1882 Caesaris
799 1833 923 1880 mortem
937 1823 1080 1882 omnibus
1101 1843 1167 1883 esse

212 1922 353 1978 acerbam.
398 1920 453 1978 ‘At
468 1920 562 1979 debeo
575 1939 629 1997 pro
652 1921 725 1979 civili
745 1930 825 1996 parte
846 1939 907 1979 rem
925 1921 1077 1997 publicam
1093 1924 1167 1982 velle

212 2016 339 2077 salvam!
382 2019 417 2077 Id
432 2018 549 2095 quidem
570 2037 618 2078 me
640 2038 754 2096 cupere,
770 2020 825 2078 nisi
843 2029 871 2078 et
886 2028 951 2077 ante
973 2029 1039 2078 acta
1053 2023 1117 2080 vita
1139 2033 1167 2079 et

211 2117 320 2193 reliqua
333 2135 399 2175 mea
414 2134 482 2193 spes
501 2125 614 2175 tacente
632 2135 679 2175 me
695 2119 807 2195 probat,
823 2117 948 2176 dicendo
962 2117 1082 2178 vincere
1103 2139 1167 2178 non

212 2216 337 2292 postulo.
381 2229 406 2288 5.
429 2215 541 2287 Quare
560 2217 700 2274 maiorem
715 2217 745 2274 in
764 2215 886 2274 modum
906 2225 933 2274 te
952 2234 1035 2291 rog0,
1051 2227 1087 2275 ut
1102 2239 1167 2278 rem

211 2315 354 2390 potiorem
369 2314 499 2372 oratione
514 2315 603 2372 ducas
622 2313 759 2390 mihique,
775 2316 799 2373 si
819 2315 906 2374 sentis
925 2315 1063 2390 expedire
1085 2331 1167 2376 recte

211 2413 279 2484 fieri,
301 2413 402 2471 credas
430 2412 537 2470 nullam
566 2414 805 2472 communionem
832 2431 900 2471 cum
923 2413 1066 2488 improbis
1100 2436 1168 2476 esse

210 2528 306 2586 posse.
349 2511 406 2579 An,
422 2509 503 2584 quod
524 2508 695 2569 adulescens
717 2512 853 2587 praestiti,
868 2529 935 2570 cum
956 2512 1043 2570 etiam
1065 2533 1167 2576 errare

211 2625 278 2665 cum
307 2609 493 2666 excusatione
522 2625 650 2684 possem,
674 2608 703 2667 id
732 2627 818 2680 nunc,
841 2618 934 2668 aetate
961 2611 1166 2686 praecipitata,
1211 2627 1212 2630 ’

211 2715 389 2764 commutem
414 2724 449 2763 ac
474 2723 521 2762 me
546 2705 608 2780 ipse
636 2707 787 2765 retexam?
829 2705 899 2765 Non
924 2705 1038 2778 faciam,
1062 2727 1167 2787 neque

211 2802 293 2877 quod
318 2803 466 2878 displiceat
491 2804 679 2875 committam,
702 2812 904 2880 praeterquam
925 2803 1007 2879 quod
1031 2805 1167 2869 hominis
1211 2835 1212 2860 r

212 2899 281 2956 mihi
314 2902 542 2960 coniunctissimi
570 2921 604 2960 ac
632 2903 683 2960 viri
711 2902 881 2978 amplissimi
916 2901 1003 2960 doleo
1040 2923 1166 2980 gravem

211 3013 320 3055 casum.
364 2997 454 3070 Quod
473 2999 497 3056 si
519 3000 598 3057 aliter
613 3018 707 3058 essem
728 3001 880 3072 animatus,
896 3017 1057 3076 numquam
1080 3009 1166 3080 quod

211 3095 336 3153 lacerem
351 3115 498 3172 negarem,
513 3115 551 3156 ne
566 3106 594 3155 et
608 3099 639 3155 in
653 3097 804 3174 peccando
820 3098 969 3175 improbus
984 3107 1013 3156 et
1028 3100 1060 3157 in
1075 3102 1165 3164 dissi-

211 3193 350 3251 mulando
363 3194 478 3253 timidus
493 3212 527 3253 ac
538 3213 628 3253 vanus
643 3196 829 3254 existimarer.
868 3198 897 3255 6.
912 3197 967 3254 ‘At
978 3196 1073 3270 ludos,
1086 3219 1165 3278 quos

211 3293 344 3351 Caesaris
359 3293 493 3350 victoriae
513 3292 622 3352 Caesar
641 3294 810 3352 adulescens
828 3293 902 3360 fecit,
918 3291 1030 3353 curavi!
1075 3300 1121 3358 At
1136 3303 1164 3360 id

211 3388 248 3446 ad
262 3387 405 3463 privatum
419 3387 554 3457 officium,
566 3407 628 3448 non
642 3389 680 3447 ad
694 3399 801 3448 statum
816 3391 856 3448 rei
868 3391 999 3468 publicae
1015 3396 1148 3470 pertinet
1155 3417 1164 3468 ;
