2436 3836
251 217 314 301 256
507 227 546 278 rr.
572 229 691 280 ruam!
712 231 899 280 omanorum
1095 217 1157 301 [aa.
1174 234 1191 276 r.

252 386 357 448 deinde
373 387 423 464 qui
437 397 465 446 et
478 405 525 447 me
540 399 569 448 et
588 407 650 447 rem
668 389 812 464 publicam
826 388 976 446 vindicare
996 387 1031 444 in
1047 387 1186 446 libertatern

251 495 368 564 paratus
389 487 452 544 sim.
496 488 523 544 6.
545 485 636 557 Quod
655 487 822 545 familiarem
842 504 942 544 meum
958 487 991 542 in
1011 495 1134 545 tuorum
1150 505 1187 542 nu-

251 602 334 643 mero
355 584 453 654 habes,
477 585 615 660 opinione
639 594 689 643 tua
708 585 777 642 mibi
798 585 906 660 gratius
928 595 993 657 est;
1026 584 1188 644 invideoili

251 695 358 754 tamen,
372 683 452 759 quod
471 684 599 741 ambulat
617 693 646 742 et
664 684 774 742 iocatur
791 692 895 742 tecum.
940 682 1094 756 Quaeres,
1110 682 1188 760 quant}

251 783 285 840 id
303 783 471 840 aestimem?
514 780 545 840 Si
572 799 712 859 umquam
736 782 845 840 licuerit
868 784 963 840 vivere
994 783 1027 840 in
1058 784 1131 853 otio,
1152 799 1188 838 er-

251 881 385 957 perieris;
407 879 518 938 nullum
534 881 614 938 enim
632 881 784 956 vestigium
803 883 855 939 abs
874 891 903 938 te
923 882 1115 940 discessurus
1131 897 1187 938 sun.

252 979 328 1039 Illud
339 978 521 1038 vehementer
534 977 668 1049 admiror,
680 997 740 1036 non
755 981 902 1056 scripsisse
916 989 945 1038 te
955 981 1041 1051 mihi,
1055 979 1186 1040 manendo

251 1080 282 1136 in
295 1076 442 1153 provincia
456 1094 494 1134 an
509 1076 645 1134 ducendo
659 1079 815 1136 exercitum
830 1080 860 1135 in
873 1078 989 1136 Italiam
1005 1082 1049 1137 rei
1071 1079 1188 1155 publicae

251 1177 345 1252 magis
367 1177 435 1234 satis
455 1174 549 1233 facere
569 1175 697 1250 possim:
720 1194 776 1251 ego
797 1177 923 1252 quidem,
939 1179 994 1235 etsi
1017 1178 1095 1236 mihi
1116 1178 1188 1234 tutius

252 1294 286 1335 ac
307 1276 402 1333 minus
422 1274 598 1332 laboriosum
619 1283 664 1332 est
685 1293 810 1345 manere,
829 1285 934 1346 tamen,
950 1277 1021 1350 quia
1045 1276 1134 1335 video
1153 1274 1189 1331 tal

251 1385 383 1449 tempore
407 1373 496 1431 multo
521 1374 614 1449 magis
637 1374 800 1450 legionibus
825 1391 899 1449 opus
924 1392 991 1432 esse
1016 1392 1112 1449 quam
1136 1391 1190 1450 pro

252 1472 360 1542 vinciis,
379 1490 453 1548 quae
471 1472 639 1549 praesertim
660 1472 811 1548 reciperari
831 1472 910 1530 nullo
931 1474 1055 1547 negotio
1079 1474 1189 1548 possint,

253 1571 397 1642 constitui,
418 1581 450 1630 ut
470 1590 548 1630 nunc
569 1582 622 1644 est,
644 1591 711 1631 cum
732 1572 857 1630 exercitu
882 1570 1038 1645 proficisci.
1086 1571 1190 1630 Deinde

254 1687 290 1726 ex
314 1669 420 1741 litteris,
445 1688 518 1746 quas
547 1670 659 1729 Pansae
686 1671 759 1741 misi,
785 1687 945 1746 cognosces
972 1671 1100 1742 omnia;
1133 1689 1192 1728 nan

253 1769 305 1827 tibi
319 1787 418 1828 earum
432 1770 580 1846 exemplar
593 1771 666 1829 misi
709 1789 775 1828 xvn.
791 1769 857 1828 Kal.
872 1769 962 1845 April.
979 1769 1135 1829 Corduba.

454 1914 519 1969 130.
562 1909 619 1968 ΑΙ)
640 1909 890 1968 FAMILIARES
912 1910 949 1968 X.
971 1911 999 1970 6.

370 2024 435 2086 Scn.
458 2025 566 2084 Roma
581 2044 641 2084 xm.
663 2024 985 2106 Kar.Arn1rrsA.u.c.
1010 2038 1084 2100 711.

604 2151 706 2193 crcnno
726 2151 843 2192 Princo.

299 2261 323 2298 r.
345 2240 433 2312 Quin
453 2240 566 2299 locutus
588 2250 632 2298 est
652 2240 775 2298 Furnius
796 2248 893 2298 noster
915 2237 951 2297 de
972 2241 1077 2300 animo
1100 2254 1153 2303 tuo
1172 2247 1196 2302 in

255 2359 317 2398 rem
337 2340 492 2416 publicam,
514 2358 548 2397 ea
568 2339 730 2415 gratissima
758 2338 871 2397 fuerunt
893 2341 1006 2397 senatui
1027 2345 1196 2420 populoque

257 2439 392 2497 Romano
407 2437 627 2513 probatissima;
650 2457 723 2514 quae
737 2448 833 2496 autem
847 2438 980 2495 recitatae
999 2437 1118 2500 litterae
1138 2458 1196 2502 sunt

256 2539 286 2596 in
315 2547 417 2595 senatu
445 2554 631 2611 nequaquam
659 2537 820 2594 consentire
848 2554 915 2594 cum
943 2537 1043 2595 Furnii
1070 2544 1197 2600 oratione

255 2636 332 2694 visae
355 2644 437 2692 sunt:
468 2635 549 2710 pacis
571 2635 648 2692 enim
673 2645 772 2693 auctor
796 2653 867 2704 eras,
890 2652 957 2692 cum
982 2636 1104 2713 collega
1129 2651 1196 2699 tuus.

202 2742 204 2746 ’
256 2734 297 2792 vir
319 2733 500 2803 clarissimus
523 2732 731 2791 afoedissimis
755 2733 911 2792 latronibus
933 2734 1132 2808 obsideretur,
1156 2738 1196 2814 qui

257 2842 307 2890 aut
322 2832 422 2909 positis
444 2832 530 2890 armis
548 2851 650 2908 pacem
670 2843 766 2908 petere
788 2831 894 2890 debent
912 2841 969 2904 aut,
987 2833 1012 2890 si
1032 2849 1196 2912 pugnantes

258 2949 322 2988 eam
343 2929 498 3006 postulant,
517 2930 633 2989 victoria
653 2949 720 3007 pax,
742 2949 802 2988 non
823 2930 957 3006 pactione
980 2932 1132 3006 parienda
1153 2947 1196 2992 est.

259 3027 317 3087 Sed
332 3029 367 3087 de
382 3048 454 3105 pace
469 3029 577 3088 litterae
591 3029 635 3088 vel
654 3029 757 3104 Lepidi
776 3029 820 3086 vel
839 3038 904 3086 tuae
923 3046 1011 3103 quam
1033 3030 1064 3087 in
1089 3045 1195 3108 partein

258 3137 394 3202 acceptae
413 3130 475 3199 sint,
492 3148 527 3186 ex
541 3130 602 3188 viro
620 3130 739 3205 optimo,
756 3128 840 3185 fratre
859 3136 917 3197 tuo,
932 3136 960 3184 et
979 3145 1016 3184 ex
1037 3128 1074 3186 C.
1092 3131 1195 3190 Furnio

184 3271 187 3280 .
257 3226 366 3302 poteris
383 3245 569 3303 cognoscere.
613 3247 638 3287 2.
661 3226 711 3285 Me
733 3238 829 3284 autern
845 3225 956 3300 impulit
974 3226 1016 3283 tui
1032 3230 1146 3291 caritas
1166 3247 1194 3288 ut.

257 3342 434 3398 quamquam
465 3343 519 3382 nec
549 3326 600 3382 tibi
630 3325 684 3400 ipsi
715 3324 865 3383 eonsilium
896 3323 1008 3382 deesset
1043 3337 1073 3384 et
1113 3331 1195 3389 fratris

257 3419 413 3492 Furniique
437 3420 636 3479 benevolentia
657 3423 804 3500 fidelisque
827 3423 978 3501 prudentia
1001 3426 1056 3482 tibi
1080 3443 1195 3503 praesto
