2454 3842
212 239 271 302 118
480 249 519 300 M.
545 249 665 300 ruarrr
686 250 874 301 cronacum
1046 237 1122 326 [aaa
1137 255 1165 302 rr.

211 399 265 458 fuit
300 399 502 460 scribendum:
524 402 581 462 scis
612 401 743 481 Appium
774 419 928 463 censorem
962 403 1012 462 hic
1045 417 1164 466 ostenta

209 498 325 557 facere?
347 500 384 559 de
398 501 490 577 signis
504 511 533 560 et
549 501 663 573 tabulis,
679 503 715 561 de
731 503 792 580 agri
812 503 914 576 mod0‚
929 503 967 561 de
981 521 1051 562 aere
1068 506 1164 563 alieno

209 595 349 656 acerrime
370 601 475 675 agere?
503 617 675 676 persuasum
702 608 746 658 est
766 600 793 658 ei
817 619 970 660 censuram
993 601 1164 662 lomentum

210 704 259 753 aut
280 697 387 756 nitrum
409 716 493 758 esse:
515 717 608 758 errare
629 699 701 758 mlhi
720 699 849 772 videtum
878 719 948 758 nam
969 700 1033 758 droa
1058 703 1164 760 sordes

210 791 305 853 eluere
329 796 397 868 volt,
417 815 507 856 venas
531 798 586 855 sibi
607 815 712 856 omnes
733 805 762 856 et
782 798 893 856 viscera
914 799 1014 874 aperit
1060 799 1164 868 Curre,

209 907 261 966 per
282 894 353 952 deos
374 905 461 971 atque
482 894 636 954 homines!
661 904 690 953 et
713 913 802 973 quam
824 896 951 971 primum
971 896 1044 955 haec
1071 898 1164 956 risum

209 991 284 1062 veni,
306 992 379 1069 legis
402 993 569 1052 Scantiniae
589 993 727 1053 iudicium
748 992 827 1070 apud
847 993 978 1052 Drusum
1002 994 1077 1066 fieri,
1101 998 1164 1073 Ap·

209 1087 291 1162 pium
315 1091 352 1148 de
374 1091 477 1151 tabulis
505 1100 534 1150 et
562 1093 652 1169 signis
675 1110 778 1168 agere;
807 1092 894 1150 crede
918 1092 996 1163 mihi,
1022 1102 1070 1152 est
1094 1114 1162 1171 pro

209 1188 380 1260 perandum.
433 1187 523 1249 Curio
545 1188 644 1249 nester
666 1191 812 1268 sapienter
830 1188 868 1261 id,
887 1190 970 1266 quod
992 1192 1107 1251 remisit
1127 1195 1163 1252 de

209 1283 354 1358 stipendio
383 1287 525 1366 Pompeii,
554 1288 658 1348 fecisse
686 1287 872 1346 existimatur.
924 1287 973 1347 Ad
1000 1307 1160 1360 summam,

209 1385 331 1456 quaeris,
363 1389 433 1464 quid
465 1400 565 1466 putem
590 1388 734 1447 futurum:
768 1388 791 1446 si
822 1387 956 1446 alteruter
986 1407 1094 1447 eorum
1124 1391 1162 1448 ad

209 1477 374 1543 Parthicum
395 1487 502 1545 bellum
516 1505 578 1546 non
592 1495 646 1558 eat,
661 1485 746 1544 video
765 1502 888 1561 magnas
907 1485 1080 1562 impendere
1103 1488 1160 1546 dis·

208 1579 330 1654 cardias,
342 1601 414 1659 quas
426 1584 532 1643 ferrum
544 1596 572 1645 et
582 1586 625 1644 vis
636 1584 820 1643 deiudicabit:
841 1592 961 1660 uterque
976 1594 1005 1642 et
1015 1585 1121 1645 animo
1133 1597 1161 1644 et

208 1677 300 1752 copiis
315 1691 358 1740 est
372 1693 497 1759 paratus.
540 1683 571 1743 Si
585 1684 647 1742 sine
660 1693 711 1742 tuo
726 1681 854 1761 periculo
867 1681 929 1740 fieri
948 1693 1057 1757 posset,
1073 1701 1159 1760 mag·

209 1792 279 1834 num
294 1789 322 1836 et
335 1779 494 1840 iucundum
509 1783 559 1840 tibi
573 1780 702 1841 Fortuna
716 1779 913 1858 spectaculum
928 1782 1059 1856 parabat.

438 1941 485 1998 42.
528 1937 586 1996 AD
607 1935 803 1996 ATTICUM
823 1935 877 1994 VI.
895 1937 921 1994 6.

293 2050 359 2112 Sca.
382 2051 472 2112 Srnan
493 2072 621 2112 ruauurn
640 2070 735 2112 nausa
756 2051 876 2110 Snxrrar
897 2070 981 2111 nuc.
1005 2065 1071 2127 704.

524 2149 627 2220 denno
648 2178 754 2220 arrico
775 2177 836 2217 sna.

251 2294 274 2333 r.
297 2273 370 2345 Eeo,
383 2274 454 2333 dum
468 2274 499 2332 in
512 2275 659 2351 provincia
671 2274 809 2333 omnibus
822 2273 910 2331 rebus
924 2270 1057 2349 Appium
1070 2293 1156 2348 orno,

207 2373 302 2430 subito
324 2391 390 2431 sum
411 2373 503 2432 factus
524 2373 700 2432 accusatoris
724 2372 785 2431 eius
807 2388 898 2430 socer.
941 2371 994 2429 ‘Id
1016 2372 1156 2448 quidem'

206 2468 303 2544 inquis
319 2473 366 2530 ‘di
388 2470 579 2548 adprobentl'
605 2471 650 2528 Ita
670 2470 765 2541 velim,
779 2479 866 2544 teque
886 2469 926 2527 ita
947 2487 1055 2544 cupere
1076 2481 1157 2530 certo

208 2568 286 2640 scio;
316 2570 368 2627 sed
388 2571 473 2629 crede
493 2569 573 2641 mihi,
595 2569 665 2627 nihil
686 2569 782 2627 minus
802 2577 936 2644 putaram
955 2584 1023 2643 .eg0‚
1046 2572 1098 2645 qui
1122 2570 1157 2627 de

207 2664 254 2723 Ti.
270 2665 398 2739 Nerone,
420 2669 470 2745 qui
491 2687 608 2727 mecum
628 2676 736 2743 egerat,
758 2663 853 2726 certos
873 2666 1009 2725 homines
1030 2667 1070 2725 ad
1091 2686 1158 2725 mu-

206 2763 289 2822 lieres
309 2766 455 2838 miseram,
477 2767 526 2843 qui
545 2766 675 2824 Romam
696 2773 837 2824 venerunt
857 2763 940 2824 factis
959 2765 1157 2840 sponsalibus.

209 2864 267 2922 Sed
288 2862 345 2922 hoc
366 2882 453 2940 spero
473 2865 593 2936 melius;
615 2863 751 2922 mulieres
772 2861 893 2939 quidem
913 2861 994 2921 valde
1016 2863 1157 2940 intellego

208 2962 343 3022 delectari
365 2964 509 3040 obsequio
534 2972 562 3022 et
584 2963 719 3022 comitate
742 2960 953 3020 adulescentis:
976 2969 1075 3020 cetera
1095 2964 1158 3021 noli

206 3061 381 3133 ἐξακανθίζειν.
425 3081 451 3122 2.
473 3061 532 3121 Sed
558 3061 631 3120 heus
659 3071 700 3132 tu,
721 3061 818 3135 πυροὺς
844 3061 880 3118 εἷς
903 3061 983 3132 δῆμον
1010 3058 1157 3120 Athenis?

206 3162 301 3239 placet
321 3160 378 3220 hoc
399 3161 470 3220 tibi?
506 3159 559 3219 etsi
579 3177 641 3218 non
662 3157 859 3234 impediebant
880 3158 938 3215 mei
966 3166 1044 3216 certe
1073 3158 1155 3229 libri;

205 3261 360 3320 nonenim
378 3262 433 3319 ista
451 3259 564 3336 largitio
585 3257 638 3316 suit
658 3257 688 3314 in
710 3258 794 3328 cives
810 3254 862 3314 sed
881 3255 1056 3333 inhospites
1071 3257 1156 3315 liber·

207 3362 296 3419 alitas.
339 3358 390 3416 Me
408 3369 507 3416 tamen
525 3357 561 3414 de
582 3355 759 3413 Academiae
773 3353 898 3430 προπύλῳ
912 3353 996 3412 iubes
1015 3354 1153 3429 cogitare,

208 3475 272 3514 curn
290 3456 345 3488 Μ
369 3455 476 3510 Am>ius
491 3453 527 3510 de
546 3451 682 3512 Eleusine
702 3469 762 3508 non
782 3450 910 3524 cogitet?
931 3449 978 3508 De
992 3449 1155 3510 Hortensio
