2454 3842
60 185 104 244 sp.
120 167 175 252 st]
253 179 365 230 sprsr.
389 179 439 228 Ab
459 171 853 250 nnnrrrnnns11.13.'
943 191 1004 255 109

59 331 142 404 Quid
162 341 206 390 est
228 349 340 402 causae,
362 349 412 391 cur
432 332 503 389 mihi
523 349 584 389 non
607 333 637 388 in
658 333 765 407 optatis
790 333 825 391 sit
849 336 1002 412 complecti

58 430 210 487 hominem
237 429 389 488 florentem
415 439 516 501 aetate,
541 430 656 505 opibus,
681 428 849 502 honoribus,
874 433 1001 509 ingenio,

57 527 165 598 liberie,
198 529 378 604 propinquis,
410 528 562 598 adfinibus,
593 527 693 586 amicis
728 527 869 604 collegam
903 551 1002 593 meum

57 627 229 706 praesertim
248 636 277 684 et
295 627 325 684 in
344 627 409 703 ipsa
428 627 542 702 collegii
560 626 645 684 laude
664 635 694 684 et
707 627 826 686 scientia
840 630 1001 691 studiosum

56 725 138 782 mei?
166 723 238 783 haec
259 743 295 783 eo
313 725 442 802 pluribus
463 726 572 800 scripsi,
593 723 674 802 quod
694 744 747 782 non
767 725 837 784 nihil
859 729 1001 804 significa·

56 824 130 880 bant
152 833 218 880 tuae
238 823 347 882 litterae
369 824 553 882 subdubitare
577 829 608 894 te,
630 841 691 898 qua
712 842 807 882 essem
831 843 899 902 erga
922 828 1002 888 illurn

55 921 216 980 voluntate.
259 921 355 980 Credo
383 932 412 980 te
436 922 551 980 audisse
578 921 701 997 aliquid:
729 921 833 980 falsum
858 935 909 996 est,
931 929 1002 986 mihi

55 1019 154 1088 crede,
173 1020 198 1076 si
218 1019 288 1094 quid
308 1020 419 1078 audisti.
462 1018 564 1079 Genus
589 1019 780 1078 institutorum
805 1030 833 1079 ct
856 1025 1001 1086 rationum

54 1136 191 1178 mearum
205 1117 538 1177 dissimilitudinem'non
551 1116 660 1175 nullam
674 1116 762 1176 habet
776 1137 843 1177 cum
858 1121 932 1181 illius
951 1127 1002 1184 ad-

53 1215 269 1274 ministratione
288 1217 469 1291 provinciae:
494 1235 531 1273 ex
549 1233 585 1274 eo
600 1215 718 1291 quidam
732 1217 867 1292 suspicati
881 1219 1002 1284 fortasse

54 1322 136 1383 sunt,
162 1314 325 1373 animorum
353 1315 549 1386 contentione,
576 1332 637 1372 non
666 1314 838 1390 opinionum
866 1319 1002 1381 dissensi-

54 1431 116 1470 one
142 1430 190 1470 me
217 1414 255 1470 ab
281 1430 318 1471 eo
346 1414 523 1488 discrepare;
559 1412 630 1470 nihil
657 1422 754 1471 autem
781 1415 837 1474 ieci
862 1435 1002 1496 umquam

53 1527 155 1587 neque
176 1509 243 1582 dixi,
266 1510 347 1588 quod
367 1521 468 1570 contra
495 1511 568 1569 illius
590 1511 830 1573 existimationem
859 1534 922 1576 esse
944 1520 1002 1578 vel-

53 1610 126 1668 lem.
168 1609 238 1668 Post
265 1609 322 1668 hoc
346 1611 496 1686 negotium
516 1619 613 1668 autem
640 1619 670 1668 et
695 1611 883 1670 temeritatem
911 1620 1003 1676 nostri

54 1707 228 1766 Dolabellae
260 1708 477 1785 deprecatorem
508 1727 556 1766 me
587 1726 641 1784 pro
670 1709 744 1768 illius
760 1711 888 1786 periculo
919 1734 1001 1791 prae-

53 1808 126 1866 beo.
178 1825 205 1881 3.
226 1805 296 1865 Erat
323 1807 353 1864 in
385 1808 488 1866 eadem
521 1807 644 1884 epistola
671 1813 820 1868 ‘veternus
851 1811 1001 1875 civitatis:'

52 1903 223 1981 gaudebam
244 1915 362 1964 sancet
383 1906 553 1982 congelasse
575 1915 707 1965 nostrum
727 1908 853 1966 amicum
874 1910 1001 1974 laetabar

53 2004 127 2062 otio
180 2003 318 2062 Extrema
347 2004 462 2081 pagella
492 2005 617 2082 pupugit
646 2023 694 2063 me
720 2015 771 2064 tuo
800 2006 1000 2088 chirographo.

54 2100 142 2174 Quid
167 2101 230 2160 ais?
265 2100 421 2160 Caesarem
448 2121 526 2160 nunc
554 2103 682 2162 defendit
709 2103 818 2162 Curio?
853 2107 917 2180 quis
945 2108 1001 2168 hoc

53 2208 172 2277 putarat
190 2208 302 2275 praeter
320 2202 390 2259 me?
411 2217 487 2273 nam,
502 2202 542 2260 ita
560 2202 663 2272 vivam,
679 2202 784 2277 putavi.
826 2202 865 2261 Di
883 2205 1000 2265 immor-

53 2299 146 2357 talesl
168 2313 256 2374 quam
276 2315 333 2374 ego
356 2299 446 2357 risum
467 2309 599 2358 nostrum
618 2299 766 2359 desidero!
799 2299 873 2358 Mihi
891 2312 951 2361 erat
970 2305 1001 2362 in

54 2398 165 2467 animo,
187 2398 326 2472 quoniam
350 2397 576 2457 iurisdictionem
597 2399 789 2469 confeceram,
809 2399 936 2458 civitates
959 2401 1001 2460 lo-

53 2494 242 2570 cupletatam,
257 2496 420 2571 publicanis
435 2497 522 2554 etiam
541 2498 695 2573 superioris
713 2497 793 2556 lustri
811 2497 921 2574 reliqua
938 2500 1000 2559 sine

53 2594 205 2653 sociorum
224 2593 281 2653 ulla
301 2594 419 2670 querela
441 2612 651 2667 conservatam,-
672 2595 787 2674 privatis
811 2597 932 2656 summis
957 2599 1001 2656 in-

52 2692 133 2750 fimis
146 2691 257 2750 fueram
276 2693 429 2764 iucundus,
444 2693 588 2770 proficisci
606 2695 639 2752 in
651 2693 782 2753 Ciliciam
800 2693 894 2753 Nonis
914 2694 1000 2756 Maiis

53 2799 92 2862 et,
107 2806 177 2848 cum
198 2791 292 2866 prima
310 2791 418 2850 aestiva
437 2791 595 2867 attigissem
608 2811 666 2850 rem
679 2791 886 2869 militaremque
901 2796 1000 2854 conlo-

54 2905 181 2958 casaem,
195 2887 336 2947 decedere
351 2907 388 2948 ex
402 2899 518 2948 senatus
532 2890 674 2949 consulto.
717 2890 812 2968 Cupio
829 2899 858 2948 te
877 2892 999 2952 aedilem

54 2985 153 3044 videre
174 2986 305 3064 miroque
327 2988 469 3048 desiderio
489 3005 537 3046 me
557 2990 629 3050 urbs
648 2989 746 3048 adficit
767 2998 796 3048 et
818 3005 922 3048 omnes
941 2992 999 3048 mei

54 3096 147 3162 tuque
160 3083 190 3142 in
204 3086 312 3162 primis.
