2454 3842
48 275 97 336 cp.
117 260 171 344 aa]
264 272 376 322 nrrsr.
398 271 692 322 Anrxurrrxnns
712 273 738 320 ι.
761 275 791 340 7.
954 256 995 339 67

46 423 187 482 habitura
199 423 336 496 videatur,
351 434 383 483 ut
393 423 602 483 Alexandriam
616 432 703 500 atque
713 423 883 500 Aegyptum
897 432 997 482 tenere

46 523 159 596 possis,
174 541 238 582 esse
252 533 281 582 et
295 533 361 582 tuae
375 534 404 582 ct
417 524 508 582 nostri
523 523 635 600 imperii
650 522 805 598 dignitatis,
816 520 995 580 Ptolemaide

45 629 102 676 aut
122 619 217 696 aliquo
234 622 400 698 propinquo
418 621 486 680 loco
506 639 575 698 rege
596 620 750 680 conlocato
767 627 796 677 te
813 637 881 678 cum
901 619 995 678 classe

44 729 140 793 atque
159 719 287 778 exercitu
305 720 449 796 proficisci
463 719 678 791 Alexandriam,
693 728 733 789 ut,
749 737 815 776 eam
834 734 901 776 cum
920 735 994 792 pace

43 817 261 894 praesidiisque
279 817 408 889 firmans,
423 818 607 878 Ptolemaeus
626 818 724 877 redeat
741 818 771 875 in
790 833 913 892 regnum
923 835 932 887 ;
954 817 994 873 ita

42 913 121 987 fore,
143 925 174 973 ut
195 926 224 974 et
244 934 297 992 per
319 926 347 976 te
369 917 540 985 restituatur,
559 935 648 992 quern
669 917 707 975 ad
727 915 850 974 modum
875 922 993 972 senatus

42 1015 131 1072 initio
156 1016 276 1087 censuit,
302 1025 331 1073 et
357 1017 420 1074 sine
448 1015 628 1074 multitudine
656 1015 816 1086 reducatur,
839 1031 928 1089 quem
955 1013 994 1070 ad

41 1113 172 1172 modum
192 1113 326 1174 homines
349 1113 476 1190 religiosi
496 1114 621 1190 Sibyllae
642 1114 757 1189 placere
778 1113 918 1171 dixerunt
964 1126 991 1185 5.

43 1212 109 1270 Sed
129 1211 202 1270 haec
222 1213 363 1270 sententia
384 1213 473 1271 sicet
493 1212 533 1271 illi
552 1221 580 1271 et
599 1213 685 1270 nobis
706 1212 891 1288 probabatur,
906 1217 937 1268 ut
955 1227 992 1268 ex

41 1322 153 1370 eventu
168 1311 303 1370 homines
317 1311 354 1370 de
369 1320 421 1370 tuo
441 1311 562 1370 consilio
584 1311 798 1370 existimaturos
812 1311 993 1369 videremus:

42 1411 70 1468 si
88 1409 251 1481 cecidisset,
266 1419 298 1469 ut
312 1410 444 1468 volumus
458 1420 487 1469 et
501 1419 647 1487 optamus,
661 1428 765 1468 omnes
779 1419 808 1468 te
828 1418 856 1467 et
877 1408 991 1485 sapien-

40 1518 88 1567 ter
112 1518 143 1566 et
166 1507 285 1580 fortiter,
303 1509 327 1566 si
347 1508 454 1585 aliquid
473 1519 549 1568 esset
570 1508 725 1580 offensum,
740 1507 861 1567 eosdem
877 1507 941 1566 illos
963 1516 992 1566 et

41 1607 154 1683 cupide
169 1615 199 1665 et
216 1615 324 1665 temere
342 1606 445 1665 fecisse
466 1606 602 1665 dicturos.
645 1605 714 1678 Qua
731 1625 762 1665 re
782 1606 851 1682 quid
870 1605 993 1683 adsequi

40 1708 153 1783 possis,
169 1723 231 1764 non
245 1715 305 1765 tam
319 1706 401 1765 facile
415 1715 459 1765 est
473 1706 558 1765 nobis
573 1724 662 1782 quam
674 1706 735 1777 tibi,
750 1706 832 1764 cuius
851 1725 943 1783 prope
960 1707 991 1764 in

41 1815 211 1883 conspectu
224 1805 376 1881 Aegyptus
391 1815 443 1876 est,
458 1805 591 1864 iudicare.
643 1804 708 1864 Nos
722 1805 841 1882 quidem
854 1805 911 1864 hoc
926 1824 991 1864 sen-

40 1907 144 1976 timus,
164 1905 189 1962 si
210 1906 393 1980 exploratum
413 1903 465 1963 tibi
486 1905 522 1962 sit
542 1922 631 1980 posse
650 1913 679 1962 te
699 1903 774 1962 illius
793 1905 877 1980 regni
894 1905 990 1981 potiri,

41 2021 107 2061 non
130 2019 196 2061 esse
216 2001 429 2073 cunctandum3
455 2002 478 2060 si
500 2002 620 2061 dubium
643 2002 688 2072 sit,
710 2020 772 2060 non
794 2020 858 2061 esse
880 2019 990 2061 conan-

42 2103 125 2160 dum.
185 2101 260 2158 Illud
286 2101 337 2159 tibi
365 2101 496 2173 adfirmo,
526 2102 550 2160 si
577 2119 639 2159 rem
666 2101 752 2160 istam
783 2121 821 2160 ex
849 2100 990 2159 sententia

41 2199 182 2276 gesseris,
192 2198 254 2257 fore
268 2210 299 2257 ut
313 2201 419 2258 absens
433 2218 452 2258 a
465 2199 570 2272 multis,
581 2216 649 2258 cum
662 2199 831 2258 redierisab
845 2199 990 2268 omnibus,

42 2298 233 2358 conlaudere.
268 2297 473 2357 Offensionem
486 2316 550 2358 esse
564 2296 756 2374 periculosam
771 2305 889 2373 propter
903 2296 990 2354 inter-

41 2398 175 2474 positam
189 2396 389 2456 auctoritatem
402 2396 631 2472 religionemque
643 2396 746 2466 video;
768 2394 821 2454 sed
835 2413 891 2470 ego
906 2403 943 2466 te,
957 2405 989 2453 ut

42 2497 82 2555 ad
105 2504 218 2553 certam
237 2495 354 2553 laudem
374 2495 521 2565 adhortor,
545 2495 586 2553 sic
611 2512 629 2552 a
652 2493 835 2553 dimicatione
859 2493 990 2552 deterreo

41 2595 196 2669 redeoque
223 2594 261 2652 ad
286 2593 364 2665 illud,
387 2594 469 2670 quod
495 2593 575 2652 initio
604 2593 713 2668 scripsi,
738 2591 825 2651 totius
852 2591 921 2651 facti
947 2593 989 2650 tui

42 2694 188 2753 iudicium
219 2711 279 2750 non
308 2702 368 2750 tam
399 2711 434 2750 ex
468 2692 590 2750 consilio
622 2700 673 2750 tuo
705 2709 794 2767 quarn
821 2709 857 2748 ex
884 2699 990 2749 eventu

42 2793 185 2853 homines
220 2811 284 2851 esse
318 2793 451 2852 facturos.
510 2794 536 2851 6.
572 2790 663 2863 Quod
693 2790 717 2850 si
743 2791 817 2850 haec
844 2791 917 2850 ratio
949 2791 990 2849 rei

43 2892 196 2970 gerendae
213 2891 376 2967 periculosa
394 2891 445 2951 tibi
465 2908 529 2950 esse
544 2890 692 2960 videbitur,
706 2890 839 2966 placebat
856 2889 935 2961 illud,
949 2899 990 2961 ut,

44 2995 71 3053 si
94 3010 148 3050 rex
170 2992 271 3050 amicis
292 2990 357 3062 tuis,
376 2991 425 3066 qui
449 3008 502 3066 per
523 2989 702 3066 provinciam
726 2999 812 3065 atque
837 2989 990 3064 imperimn

45 3101 131 3150 tuum
145 3089 284 3165 pecunias
299 3089 326 3147 ei
340 3087 535 3159 credidissent,
550 3088 638 3146 fidem
653 3105 737 3146 suam
750 3087 947 3164 praestitisset,
962 3096 992 3146 et

47 3188 161 3248 auxiliis
178 3207 245 3248 eum
264 3187 320 3246 tuis
339 3197 368 3246 et
389 3187 480 3264 copiis
499 3186 649 3244 adiuvares
659 3205 666 3257 ;
690 3203 755 3244 eam
774 3203 839 3244 esse
858 3194 991 3244 naturam

47 3298 77 3346 et
90 3286 242 3362 regionem
256 3286 421 3362 provinciae
435 3295 510 3357 tuae,
524 3295 556 3344 ut
569 3285 644 3343 illius
657 3283 781 3341 reditum
795 3283 839 3342 vel
853 3284 991 3343 adiuvan-

48 3388 87 3446 do
102 3385 291 3444 confirmares
310 3386 354 3444 vel
375 3385 559 3462 neglegendo
580 3384 744 3462 impedires.
786 3383 821 3442 In
835 3384 890 3442 bac
904 3382 991 3440 ratio-

47 3504 86 3546 ne
107 3485 178 3562 quid
198 3503 253 3558 res,
274 3487 345 3564 quid
367 3504 463 3559 causa,
484 3486 556 3561 quid
573 3494 690 3562 tempus
709 3483 789 3557 ferat,
804 3493 836 3542 tu
857 3479 990 3540 facillime

495 3605 545 3644 ra
