2432 3844
212 226 254 286 42
490 220 529 272 M.
552 219 671 269 TULLII
693 220 880 269 CICERONIS
1053 207 1128 290 [Pars
1141 224 1157 268 l.

213 379 252 436 ad
273 376 309 449 Q.
333 376 453 438 Publicii
474 387 598 438 statuam
623 377 769 438 decretum
793 386 843 449 est,
866 386 1049 453 erogaretur:
1070 377 1156 453 quod

214 494 270 551 ego
292 486 320 534 te
341 486 369 535 et
390 494 463 553 rogo
484 486 513 536 et
533 478 689 549 admoneo,
708 496 746 535 ne
767 477 830 536 talis
851 477 901 534 viri
922 486 1039 552 tamque
1061 477 1155 534 nostri

215 576 368 634 necessarii
382 575 525 635 honorem
539 577 630 633 minui
643 594 695 652 per
708 586 736 634 te
751 585 800 633 aut
810 575 942 653 impediri
952 575 1028 633 velis.
1065 575 1154 632 Prae-

214 682 292 731 terea
305 673 415 750 Aesopi
437 669 603 754 [tragoedi],
617 674 708 732 nostri
727 673 880 744 familiaris,
895 673 1023 732 Licinius
1042 691 1151 740 servus,

214 771 264 829 tibi
279 781 374 842 notus,
389 772 517 849 aufugit:
538 772 563 830 is
577 771 698 829 Athenis
713 771 791 847 apud
805 770 961 830 Patronem
975 770 1151 846 Epicureum

212 888 266 946 pro
281 871 370 929 libero
386 870 457 942 fuit;
479 870 546 928 inde
565 871 595 927 in
613 869 715 928 Asiam
732 869 817 927 venit.
859 868 966 927 Postea
984 867 1068 926 Plato
1088 869 1150 944 qui-

213 969 282 1027 dam
298 969 462 1040 Sardianus,
477 969 646 1045 Epicureus,
661 968 711 1044 qui
724 967 846 1025 Athenis
861 967 935 1026 solet
948 985 1013 1025 esse
1027 966 1149 1024 multum

213 1078 241 1126 et
255 1069 379 1144 quitum
392 1068 514 1127 Athenis
534 1069 633 1139 fuerat,
649 1087 717 1127 cum
735 1066 862 1126 Licinius
881 1085 918 1125 eo
937 1068 1067 1138 venisset,
1082 1085 1148 1125 cum

213 1184 281 1224 eum
297 1165 448 1242 fugitivum
466 1185 529 1225 esse
550 1177 653 1242 postea
673 1184 710 1224 ex
731 1165 842 1241 Aesopi
862 1166 960 1224 litteris
982 1175 1145 1241 cognosset,

212 1263 363 1323 hominem
381 1265 599 1340 comprehendit
616 1275 644 1322 et
664 1265 693 1322 in
712 1265 874 1323 custodiam
895 1263 1005 1340 Ephesi
1026 1264 1145 1332 tradidit,

213 1362 266 1421 sed
279 1363 309 1420 in
323 1363 468 1438 publicam
483 1382 521 1422 an
534 1364 565 1421 in
579 1363 731 1439 pistrinum
748 1381 810 1421 non
828 1362 896 1422 satis
916 1382 952 1420 ex
971 1363 1069 1421 litteris
1087 1363 1144 1420 eius

212 1460 376 1536 intellegere
404 1462 567 1537 potuimus:
597 1470 636 1532 tu,
664 1477 784 1536 quoquo
812 1459 903 1518 modo
931 1469 982 1531 est,
1011 1460 1145 1536 quoniam

213 1557 323 1634 Ephesi
334 1568 385 1630 est,
394 1558 543 1618 hominem
554 1558 706 1634 investiges
720 1558 804 1616 velim
819 1576 989 1634 summaque
1005 1558 1145 1634 diligentia

212 1657 257 1714 vel
270 1667 367 1716 tecum
382 1657 516 1717 deducas.
552 1655 622 1715 Noli
636 1665 775 1732 spectare,
787 1657 886 1732 quanti
901 1655 991 1714 homo
1003 1657 1039 1714 sit
1047 1676 1055 1728 ;
1071 1655 1144 1732 parvi

212 1756 290 1814 enim
317 1757 401 1832 pretii
428 1766 479 1828 est,
502 1757 551 1833 qui
579 1758 638 1814 iam
665 1756 745 1813 nihili
773 1765 833 1826 est;
862 1755 915 1814 sed
941 1763 1024 1813 tanto
1049 1755 1143 1814 dolore

212 1853 348 1929 Aesopus
361 1864 405 1913 est
420 1854 549 1913 adfectus
563 1862 682 1930 propter
696 1855 769 1912 servi
785 1854 879 1912 scelus
899 1863 927 1912 et
946 1855 1103 1926 audaciam,
1117 1863 1144 1912 ut

212 1952 281 2010 nihil
309 1954 336 2012 ei
363 1954 470 2029 gratius
497 1953 592 2012 lacere
618 1953 723 2030 possis,
751 1971 840 2028 quam
872 1954 896 2012 si
926 1953 1006 2012 illum
1038 1973 1089 2030 per
1118 1963 1143 2011 te

212 2052 396 2129 recuperarit.
1087 2109 1090 2116 .

252 2149 289 2208 V.
315 2164 359 2224 15.
382 2149 469 2210 Nunc
483 2169 517 2209 ea
531 2168 687 2227 cognosce,
699 2168 773 2226 quae
787 2151 913 2208 maxime
927 2160 1066 2227 exoptas:
1086 2169 1144 2209 rem

210 2249 358 2324 publicam
384 2248 511 2308 funditus
535 2250 693 2319 amisimus,
716 2248 789 2307 adeo
813 2258 845 2306 ut
869 2247 953 2320 Cato,
977 2250 1143 2309 adulescens

211 2347 314 2406 nullius
337 2347 456 2418 consilii,
479 2348 531 2406 sed
552 2357 649 2405 tamen
674 2346 743 2405 civis
768 2345 920 2406 Romanus
945 2357 974 2405 et
997 2346 1080 2420 Cato,
1102 2349 1144 2405 vix

212 2445 291 2503 vivus
315 2445 462 2521 effugeret,
483 2445 571 2522 quod,
597 2462 664 2503 cum
689 2442 849 2502 Gabinium
874 2445 910 2503 de
933 2447 1043 2504 ambitu
1067 2446 1146 2505 vellet

211 2542 365 2617 postulare,
375 2561 470 2618 neque
484 2553 631 2619 praetores
647 2541 748 2600 diebus
763 2543 871 2618 aliquot
885 2544 957 2601 adiri
970 2555 1091 2620 possent
1104 2545 1145 2602 vel

212 2649 385 2717 potestatem
406 2642 450 2699 sui
470 2642 606 2710 facerent,
625 2640 656 2696 in
677 2641 845 2699 contionem
864 2643 994 2700 escendit
1015 2652 1044 2700 et
1064 2641 1145 2701 Pom·

211 2739 310 2814 peium
331 2739 471 2814 privatum
492 2740 661 2799 dictatorern
682 2739 849 2814 appellavit3
875 2741 994 2817 propius
1015 2742 1086 2800 nihil
1106 2754 1145 2802 est

212 2838 328 2910 facturn,
354 2856 442 2914 quam
469 2849 500 2897 ut
527 2839 714 2899 occideretur.
756 2838 802 2895 Ex
830 2838 894 2910 hoc,
918 2841 968 2915 qui
996 2842 1031 2899 sit
1060 2850 1146 2902 status'

212 2937 299 2994 totius
327 2937 368 2994 rei
395 2937 535 3012 publicae,
564 2936 659 2994 videre
687 2946 781 3013 potes.
830 2938 874 2994 16.
899 2935 1025 2997 Nostrae
1053 2949 1145 3000 tamen

213 3052 319 3094 causae
345 3053 407 3094 non
433 3035 565 3094 videntur
592 3035 725 3094 homines
753 3033 892 3094 defuturi:
927 3038 1093 3097 mirandum
1119 3043 1145 3099 in

212 3132 333 3191 modurn
360 3134 538 3210 profitentur,
562 3135 688 3193 offerunt
716 3152 755 3204 se,
781 3135 961 3211 pollicentur.
1005 3137 1145 3213 Equidem

211 3251 279 3290 curn
304 3250 356 3308 spe
378 3252 443 3292 sum
467 3235 601 3306 maxima,
626 3244 688 3292 turn
710 3235 820 3292 maiore
845 3235 931 3293 etiarn
955 3236 1063 3308 anim0,
1088 3256 1144 3314 spe,

212 3333 373 3408 superiores
387 3332 448 3392 lore
462 3351 526 3404 nos,
541 3335 648 3404 animo,
663 3342 695 3391 ut
708 3332 739 3390 in
752 3332 806 3391 hac
819 3351 851 3390 re
865 3334 980 3409 publica
994 3353 1031 3394 ne
1048 3354 1144 3396 casum

210 3430 329 3506 quidem
343 3430 433 3490 ullum
447 3431 657 3507 pertimescam.
701 3430 759 3490 Sed
772 3441 870 3490 tamen
884 3449 915 3490 se
928 3450 974 3492 res
988 3433 1030 3492 sic
1043 3433 1141 3495 habet:
