2432 3844
216 216 256 280 16
470 227 509 274 Μ.
534 226 653 276 ructu
674 227 861 276 cronnonrs
1057 213 1153 298 [Pars
1180 229 1196 276 1.

213 385 345 442 tribunus
366 383 403 460 pl.
419 383 514 456 ferret,
533 385 564 442 in
588 404 647 461 qua
668 385 739 444 nihil
760 385 837 444 aliud
860 403 878 442 a
898 385 1046 443 consulari
1082 404 1189 461 roga·

213 483 293 540 tione
314 481 464 540 differebat
481 483 536 541 nisi
561 483 689 541 iudicum
710 483 874 559 genus—in
894 501 931 541 eo
953 493 1056 541 autem
1089 493 1190 542 erant

212 583 360 654 omnia—,
382 584 578 659 pugnavitque
596 591 628 641 ut
648 582 688 640 ita
707 583 794 653 fieret,
814 582 894 658 quod
916 592 944 640 et
967 584 1022 640 sibi
1043 593 1087 642 et
1115 583 1185 640 aliis

213 690 393 756 persuaserat
406 681 492 739 nullis
506 681 586 738 illum
604 681 746 740 iudicibus
766 681 893 757 effugere
910 699 1006 756 posse,
1022 680 1184 739 contraxi

213 780 276 858 vela
296 780 473 856 perspiciens
495 779 625 854 inopiam
645 778 782 850 iudicum,
800 796 894 855 neque
915 780 974 838 dixi
995 779 1180 856 quicquam

213 897 266 954 pro
281 877 458 947 testimoni0,
473 876 528 934 nisi
542 877 622 952 quod
642 887 703 935 erat
719 878 759 936 ita
777 885 881 935 notum
901 887 988 953 atque
1007 887 1178 946 testatum,

213 988 244 1034 ut
267 995 328 1034 non
351 993 470 1052 possem
495 976 657 1051 praeterire.
708 976 820 1051 Itaque,
845 977 870 1034 si
894 994 1014 1034 causam
1039 977 1175 1052 quaeris

214 1076 413 1146 absolutionis,
441 1083 473 1132 ut
501 1075 558 1132 iam
584 1077 650 1148 πρὸς
676 1078 706 1130 τὸ
732 1081 857 1149 πρότερον
880 1083 1011 1146 revertar,
1037 1086 1174 1152 egestas

214 1175 343 1233 iudicum
365 1172 417 1230 fuit
436 1181 465 1231 et
483 1172 651 1248 turpitudo;
680 1172 711 1230 id
732 1182 829 1230 autem
848 1183 880 1231 ut
899 1174 1050 1244 accideret,
1074 1191 1171 1232 com-

213 1273 335 1331 missum
358 1281 401 1329 est
426 1269 577 1329 Hortensii
600 1269 732 1343 consilio,
752 1273 810 1347 qui,
828 1272 898 1329 dum
919 1273 1025 1330 veritus
1048 1282 1103 1331 est
1132 1289 1172 1329 ne

213 1371 311 1428 Fufius
326 1369 353 1427 ei
366 1370 422 1446 legi
437 1369 632 1440 intercederet,
648 1387 722 1445 quae
736 1388 773 1427 ex
793 1380 908 1428 senatus
929 1371 1065 1430 consulto
1084 1373 1167 1430 fere-

213 1472 305 1540 batur,
320 1486 381 1526 non
394 1468 464 1526 vidit
477 1466 554 1537 illud,
569 1469 657 1526 satius
672 1485 736 1526 esse
751 1468 830 1527 illum
850 1471 880 1526 in
898 1468 1015 1528 infamia
1028 1470 1166 1547 relinqui

213 1587 247 1626 ac
267 1565 399 1625 sordibus
416 1585 504 1642 quam
524 1566 639 1624 infirmo
658 1566 764 1624 iudicio
784 1568 944 1638 committi;
977 1567 1029 1626 sed
1047 1568 1163 1627 ductus

213 1666 281 1724 odio
310 1665 473 1741 properavit
499 1682 561 1722 rem
586 1664 727 1722 deducere
751 1665 782 1721 in
809 1665 955 1736 iudicium,
979 1684 1046 1724 cum
1071 1667 1161 1725 illum

213 1765 350 1841 plumbeo
378 1764 476 1840 gladio
502 1764 662 1840 iugulatum
689 1763 722 1821 iri
749 1775 847 1823 tamen
876 1765 990 1825 diceret.
1034 1785 1060 1840 3.
1097 1766 1159 1825 Sed

211 1865 348 1922 iudicium
369 1863 393 1921 si
411 1864 525 1938 quaeris
546 1861 629 1937 quale
651 1861 743 1933 luerit,
761 1863 918 1922 incredibili
936 1865 1023 1935 exitu,
1040 1864 1095 1937 sic,
1116 1866 1157 1923 uti

212 1981 289 2020 nunc
304 1981 341 2020 ex
355 1970 459 2020 eventu
474 1961 511 2018 ab
525 1960 595 2031 aliis
610 1979 628 2018 a
642 1979 690 2018 me
704 1962 762 2020 iam
777 1981 813 2020 ex
823 1963 889 2038 ipso
899 1963 980 2022 initio
996 1964 1156 2022 consilium

211 2051 362 2120 Hortensii
389 2059 621 2136 reprehendatur.
679 2057 757 2122 Nam
792 2070 823 2118 ut
850 2061 967 2119 reiectio
1002 2062 1078 2119 facta
1111 2072 1154 2122 est

211 2161 385 2220 clamoribus
414 2159 556 2230 maximis,
583 2177 649 2216 cum
683 2169 834 2218 accusator
866 2169 1015 2235 tamquam
1045 2179 1153 2222 censor

211 2259 306 2318 bonus
334 2258 469 2318 homines
502 2258 708 2334 nequissumos
740 2257 876 2338 reliceret,
904 2277 970 2316 reus
1000 2267 1151 2334 tamquam

211 2360 340 2418 clemens
364 2358 468 2417 lanista
490 2356 725 2432 frugalissumum
749 2373 895 2433 quemque
923 2365 1092 2428 secerneret,
1120 2368 1151 2417 ut

211 2459 337 2533 primum
356 2457 465 2514 iudices
483 2455 686 2525 consederunt,
704 2454 786 2513 valde
807 2455 935 2514 diffidere
951 2456 1021 2514 boni
1043 2473 1149 2534 coepe·

209 2563 294 2625 runt;
309 2571 371 2611 non
385 2553 464 2611 enim
479 2571 619 2628 umquam
633 2553 744 2628 turpior
752 2554 782 2609 in
796 2552 866 2611 ludo
881 2553 981 2612 talario
993 2572 1148 2615 consessus

208 2652 278 2709 suit:
308 2651 448 2709 maculosi
473 2661 630 2721 senatores,
650 2651 720 2708 nudi
744 2637 864 2727 equites,
884 2653 989 2710 tribuni
1012 2671 1071 2712 non
1086 2664 1147 2713 tam

209 2749 297 2808 aerati
318 2767 417 2824 quam,
441 2759 474 2807 ut
497 2750 685 2827 appellantur,
707 2750 808 2808 aerarii
815 2769 823 2822 ;
855 2752 940 2826 pauci
957 2759 1054 2809 tamen
1076 2752 1147 2812 boni

208 2851 329 2919 inerant,
357 2866 432 2924 quos
460 2849 614 2907 reiectione
643 2848 744 2924 fugare
771 2848 817 2906 ille
844 2867 906 2907 non
933 2857 1073 2925 potuerat,
1095 2854 1146 2927 qui

208 2947 311 3006 maesti
339 2947 414 3005 inter
442 2947 486 3004 sui
514 2947 667 3006 dissimiles
696 2957 725 3006 et
752 2958 912 3006 maerentes
947 2949 1083 3008 sedebant
1116 2961 1144 3010 et

208 3045 384 3122 contagione
408 3045 592 3122 turpitudinis
617 3047 801 3106 vehementer
827 3049 1076 3122 permovebantur.
1116 3069 1142 3121 4.

210 3142 278 3214 Hic,
292 3153 324 3202 ut
340 3162 473 3221 quaeque
490 3162 536 3202 res
558 3145 596 3203 ad
616 3147 769 3204 consilium
788 3147 888 3222 primis
907 3149 1141 3224 postulationibus

209 3242 391 3314 referebatur,
427 3244 601 3303 incredibilis
636 3254 697 3304 erat
731 3245 874 3316 severitas,
902 3247 980 3304 nulla
1014 3249 1139 3308 varietate

209 3341 432 3416 sententiarum;
468 3343 538 3401 nihil
572 3343 745 3418 impetrabat
771 3362 858 3415 reus,
894 3345 960 3422 plus
988 3349 1137 3406 accusatori

208 3441 337 3514 dabatur,
349 3461 437 3519 quam
451 3443 615 3520 postulabat
623 3463 632 3516 ς
653 3442 960 3520 triumphabat-quid
974 3445 1083 3521 quaeris
1089 3445 1138 3504 l·-
