2436 3836
61 247 176 308 np.133,
189 229 258 312 134.]
280 222 393 290 nrrsr.
410 240 459 288 nn
472 240 696 289 rimaranes
710 241 774 290 ru.
791 227 823 290 6.
945 225 1004 292 261

59 392 212 452 voluntate
237 391 421 468 percrebruit,
445 409 584 466 magnam
610 409 641 449 es
668 391 785 450 laudem
813 400 1007 460 consecutus;

60 493 163 568 itaque
177 491 201 550 si
215 490 366 549 consulem
384 489 499 547 Romae
516 489 725 561 habuissemus,
741 489 918 548 declaratum
932 499 1010 546 esset

61 591 104 648 ab
124 600 225 648 senatu
240 606 307 647 cum
322 588 378 646 tuis
391 587 506 664 magnis
528 588 696 659 honoribus,
711 607 800 665 quam
821 597 920 664 gratus
934 597 1010 646 esset

61 697 187 748 conatus
216 697 244 745 et
270 695 426 763 apparatus
453 695 538 744 tuus:
567 687 648 744 cuius
675 687 717 745 rei
744 706 805 745 non
829 687 920 745 modo
948 703 1010 743 non

61 787 210 864 praeteriit
231 795 354 861 tempus,
376 784 428 842 sed
452 802 490 842 ne
512 795 657 843 maturum
682 787 801 861 quidem
821 786 908 844 etiam
930 801 1009 841 nunc

61 903 134 944 meo
159 884 277 960 quidem
300 882 408 941 iudicio
433 881 501 955 fuit;
531 883 556 942 is
577 885 656 941 enirn
677 883 802 961 denique
823 885 919 943 honos
939 880 1011 939 mihi

62 983 155 1042 videri
178 983 258 1053 solet,
282 981 331 1058 qui
352 999 414 1039 non
435 991 553 1057 propter
574 965 657 1058 spem
679 984 765 1042 futuri
793 982 935 1052 beneficii,
957 980 1010 1039 sed

61 1090 184 1158 propter
197 1098 305 1156 magna
325 1080 427 1138 merita
446 1081 528 1140 claris
547 1083 612 1140 viris
633 1081 757 1141 defertur
776 1079 818 1162 [et
833 1076 938 1160 datur].
984 1097 1009 1134 a.

63 1178 136 1251 Qua
149 1198 188 1250 re,
204 1179 240 1237 sit
254 1177 344 1236 modo
359 1178 454 1254 aliqua
473 1198 519 1237 res
534 1180 657 1257 publica,
672 1181 702 1238 in
716 1199 774 1257 qua
788 1180 883 1238 honos
897 1179 1009 1236 elucere

62 1277 167 1354 possit,
183 1277 328 1347 omnibus
343 1277 414 1334 mihi
432 1278 526 1350 erede,
541 1279 725 1354 amplissimis
742 1278 900 1337 honoribus
918 1278 1010 1335 abun-

63 1371 166 1441 dabis;
195 1371 220 1428 is
245 1381 351 1442 autem,
373 1371 422 1447 qui
447 1391 512 1430 vere
534 1373 673 1448 appellari
700 1381 796 1449 potest
823 1372 926 1442 honos,
949 1389 1011 1429 non

62 1469 286 1526 invitamentum
305 1469 342 1527 ad
361 1479 485 1545 tempus,
501 1471 552 1528 sed
574 1481 731 1547 perpetuae
745 1471 855 1530 virtutis
870 1479 914 1528 est
927 1488 1010 1546 prae-

62 1565 165 1624 mium.
207 1565 306 1637 Quam
325 1568 365 1625 ob
383 1586 454 1638 rem,
468 1569 510 1626 mi
530 1567 646 1639 Plance,
662 1569 798 1627 incumbe
818 1577 880 1628 toto
893 1578 1010 1644 pectore

63 1663 104 1722 ad
125 1663 249 1736 laudem,
271 1665 390 1723 subveni
419 1667 536 1742 patriae,
557 1667 698 1742 opitulare
720 1666 858 1742 collegae,
879 1666 1011 1725 omnium

64 1762 196 1837 gentium
205 1780 380 1822 consensum
390 1773 419 1822 et
432 1763 630 1822 incredibilem
645 1765 890 1840 conspirationem
898 1764 1008 1823 adiuva.

64 1861 117 1920 Me
145 1869 261 1918 tuorum
282 1862 469 1920 consiliorum
490 1863 658 1934 adiutorem,
685 1863 832 1938 dignitatis
860 1861 1008 1931 fautorem,

64 1960 203 2018 omnibus
222 1960 252 2016 in
269 1961 355 2018 rebus
374 1961 425 2018 tibi
445 1961 652 2020 amicissimum
667 1960 923 2037 fidelissimumque
939 1977 1009 2034 cog·

64 2075 188 2129 nosces‚·
220 2058 332 2116 adeas
357 2059 435 2118 enlm
460 2077 570 2130 causas,
592 2059 697 2134 quibus
724 2059 799 2117 inter
827 2075 882 2116 nos
910 2074 1010 2115 amore

65 2174 175 2228 sumus,
185 2157 295 2228 officiis
310 2165 449 2217 vetustate
464 2159 620 2230 coniuncti,
635 2158 744 2234 patriae
759 2157 862 2215 caritas
877 2155 1007 2224 accessit,

64 2271 158 2331 eaque
172 2251 267 2314 effecit
280 2265 312 2314 ut
325 2266 405 2316 tuam
418 2256 505 2315 vitam
520 2255 691 2315 anteferrem
706 2273 797 2314 meae.
826 2273 867 2314 111.
882 2253 921 2312 K.
935 2253 1006 2328 Apr.

249 2418 316 2472 134.
357 2412 415 2471 AD
435 2413 691 2472 FAMILIARES
713 2414 781 2472 XII.
804 2416 832 2472 6.

216 2526 282 2587 Sere.
306 2526 415 2587 Rouau
436 2547 531 2587 uunsn
551 2529 659 2588 Aurum
679 2547 763 2589 nuc.
787 2542 854 2603 711.

386 2654 489 2695 menno
511 2654 605 2696 cassro
626 2655 687 2696 sm.

107 2771 132 2810 1.
155 2750 217 2823 Qur
237 2760 327 2810 status
345 2770 442 2809 rerum
461 2752 544 2810 fuerit
562 2763 633 2824 tum,
649 2771 716 2812 cum
736 2751 789 2811 has
806 2752 912 2811 litteras
933 2751 1008 2823 dedi,

62 2849 136 2907 scire
149 2849 258 2924 potens
272 2868 308 2908 ex
323 2847 356 2907 C.
372 2849 451 2908 Titio
467 2849 617 2920 Strabone,
630 2851 692 2909 viro
710 2850 790 2908 bono
805 2859 833 2907 et
849 2850 957 2926 optime
972 2851 1008 2909 de

62 2964 95 3004 re
115 2946 230 3022 publica
251 2947 411 3029 sentiente,
433 2947 592 3022 namquid
614 2947 710 3006 dicam
726 2946 930 3024 ‘cupidissimo
949 2947 1008 3018 tui,'

62 3044 113 3118 qui
127 3043 217 3102 domo
236 3053 265 3102 et
285 3044 407 3102 fortunis
426 3043 529 3102 relictis
550 3043 588 3102 ad
604 3054 633 3102 te
654 3045 838 3120 potissimum
860 3044 1007 3121 profectus

64 3141 121 3200 sit?
150 3141 253 3219 Itaque
278 3161 346 3201 eum
368 3142 477 3201 tibine
502 3141 679 3214 commendo
704 3142 841 3219 quidem;
867 3144 1007 3202 adventus

66 3240 159 3315 ipsius
180 3240 218 3298 ad
239 3251 266 3299 te
287 3242 356 3300 satis
377 3259 444 3300 eum
465 3239 689 3300 commendabit.
734 3260 760 3298 a.
782 3240 831 3298 Tu
852 3241 937 3299 velim
965 3241 1008 3299 sic

65 3339 212 3397 existimes
234 3339 342 3416 tibique
362 3338 546 3416 persuadeas,
566 3357 655 3398 omne
676 3339 841 3416 perfugium
860 3340 1006 3398 bonorum

64 3438 94 3496 in
108 3447 136 3498 te
153 3449 181 3497 et
198 3436 290 3497 Bruto
309 3455 374 3498 esse
393 3438 529 3515 positum,
545 3437 578 3509 si,
593 3437 674 3514 quod
693 3437 791 3508 nolim,
806 3436 917 3496 adversi
938 3435 1008 3512 quid
