2432 3844
219 239 262 304 34
488 231 526 283 rr.
552 230 670 279 rurrrr
688 229 875 280 crcunoms
1056 215 1129 299 [Pars
1142 233 1161 278 r.
1199 248 1200 329 ,

219 400 323 460 rentur,
345 390 376 447 in
397 407 432 448 eo
457 389 617 467 principem
634 390 759 469 ¹Paulum
778 390 875 459 fuisse,
897 406 984 466 quem
1006 390 1161 448 constabat

218 508 253 548 eo
268 499 396 567 tempore
410 490 440 546 in
454 488 629 548 Macedonia
642 489 739 549 fuisse.
780 488 826 546 Fit
846 497 964 546 senatus
982 487 1159 556 consultum,

219 598 250 646 ut
271 588 391 658 Vettius
413 588 494 664 quod
515 587 666 646 confessus
687 597 764 645 esset
785 604 816 645 se
837 604 904 644 cum
924 585 981 643 telo
1005 585 1103 656 fuisse,
1129 586 1159 642 in
1200 580 1201 642 l

219 686 332 745 vincula
350 687 554 758 coniiceretur;
576 686 706 761 quicum
721 685 872 756 emisisset,
889 702 956 742 eum
975 693 1077 741 contra
1097 701 1158 741 rem

220 786 364 862 publicam
388 803 452 843 esse
474 785 625 843 facturum.
667 784 727 843 Res
752 792 812 842 erat
836 784 866 840 in
894 801 929 840 ea
955 782 1102 860 opinione,
1128 791 1158 839 ut

220 892 353 960 putarent
371 883 401 941 id
418 901 481 942 esse
500 893 605 954 actum,
624 892 655 941 ut
670 883 783 942 Vettius
804 883 835 940 in
855 882 920 939 foro
942 899 1009 939 cum
1030 881 1158 957 pugione
1201 914 1202 976 ,

221 993 249 1041 et
270 984 339 1041 item
361 982 434 1040 servi
455 981 515 1038 eius
539 981 852 1056 comprehenderentur
872 997 939 1037 cum
960 979 1034 1050 telis,
1055 978 1157 1036 deinde
1201 993 1202 998 ’

221 1081 267 1139 ille
292 1099 322 1140 se
346 1079 454 1138 diceret
476 1079 675 1150 indicaturum,
701 1080 786 1155 idque
808 1079 849 1136 ita
869 1077 976 1136 factum
997 1086 1081 1148 esset,
1103 1076 1156 1134 nisi

221 1178 361 1238 Curiones
392 1196 454 1235 rem
483 1188 550 1236 ante
584 1179 621 1236 ad
656 1178 829 1253 Pompeium
859 1176 1035 1236 detulissent.
1077 1175 1155 1234 Tum

221 1277 520 1336 senatusconsultum
548 1277 579 1334 in
604 1277 738 1336 contione
766 1276 915 1335 recitatum
942 1284 993 1334 est.
1035 1274 1154 1333 Postero

222 1383 318 1432 autem
341 1375 387 1433 die
412 1373 528 1446 Caesar,
552 1376 584 1447 is,
609 1375 658 1452 qui
683 1374 761 1446 olim,
785 1383 901 1450 praetor
924 1391 991 1432 cum
1014 1383 1098 1441 esset,
1119 1370 1153 1441 Q.
1202 1357 1203 1370 ¹

224 1470 357 1530 Catulum
385 1492 421 1531 ex
449 1473 582 1532 inferiore
609 1473 676 1532 loco
700 1473 820 1531 iusserat
849 1472 953 1543 dicere,
975 1471 1103 1530 Vettium
1127 1470 1154 1526 in

222 1580 313 1628 rostra
329 1571 463 1646 produxit
481 1589 605 1649 eumque
621 1572 652 1628 in
671 1588 707 1629 eo
725 1571 791 1629 loco
809 1570 965 1640 constituit,
980 1587 1040 1646 quo
1054 1569 1154 1626 Bibulo

223 1669 334 1727 consuli
352 1670 476 1745 aspirare
494 1688 556 1729 non
569 1671 675 1728 liceret.
717 1669 776 1728 Hic
790 1668 835 1726 ille
850 1669 958 1740 omnia,
973 1687 1048 1744 quae
1062 1667 1153 1736 voluit,

225 1769 261 1828 de
288 1788 318 1828 re
345 1770 460 1846 publica
489 1770 567 1839 dixit,
599 1777 630 1827 ut
659 1769 707 1846 qui
737 1769 803 1827 illuc
831 1767 922 1826 lactus
955 1767 1154 1842 institutusque
1203 1763 1204 1768 ’

223 1867 353 1926 venisset.
394 1866 522 1926 Primum
543 1866 720 1943 Caepionem
741 1867 778 1926 de
799 1867 930 1926 oratione
959 1884 1010 1926 sua
1038 1865 1153 1933 sustulit,

224 1984 310 2044 quem
323 1967 353 2024 in
368 1975 470 2025 senatu
482 1966 618 2026 acerrime
633 1967 804 2037 nominarat,
824 1977 856 2025 ut
873 1973 1023 2042 appareret
1043 1965 1154 2023 noc'tem

224 2076 253 2126 et
272 2076 443 2125 nocturnam
465 2066 697 2142 deprecationem
717 2065 928 2137 intercessisse;
951 2063 1064 2134 deinde,
1084 2080 1155 2139 quos

225 2167 254 2223 in
276 2175 376 2225 senatu
393 2183 431 2223 ne
449 2164 617 2223 tenuissima
634 2163 751 2240 quidem
771 2163 930 2240 suspitione
947 2162 1088 2237 attigerat,
1109 2177 1156 2220 eos
1204 2157 1205 2164 ’

224 2263 398 2323 nominavit:
426 2263 586 2335 Lucullum,
611 2282 710 2341 aquo
735 2265 851 2323 solitum
878 2281 941 2322 esse
966 2262 1059 2322 adse
1088 2262 1156 2320 mitti

166 2391 168 2410 ι
225 2360 259 2420 C.
279 2363 431 2434 Fannium,
451 2363 539 2434 illum,
560 2363 609 2439 qui
630 2365 660 2422 in
681 2362 712 2421 P.
734 2361 870 2421 Clodium
891 2361 1105 2437 subscripserat,
1127 2359 1156 2417 L.

225 2459 392 2531 Domitium,
407 2461 488 2520 cuius
503 2463 624 2521 domum
640 2461 825 2520 constitutam
845 2460 940 2531 fuisse,
955 2460 1034 2519 unde
1048 2461 1157 2535 eruptio

227 2557 322 2630 fieret3
345 2576 467 2616 menon
481 2559 647 2628 nominavit,
659 2559 710 2617 sed
727 2559 798 2617 dixit
816 2543 997 2620 consularem
1015 2558 1158 2628 disertum,

226 2653 350 2711 vicinum
367 2655 500 2727 consulis,
523 2658 577 2716 sibi
602 2657 708 2715 dixisse
725 2656 848 2716 Ahalam
871 2656 1021 2715 Servilium
1038 2656 1160 2733 aliquem

228 2761 276 2809 aut
298 2751 418 2810 Brutum
440 2770 515 2828 opus
539 2773 603 2812 esse
630 2755 762 2830 reperiri;
795 2754 905 2813 addidit
927 2754 964 2811 ad
992 2762 1160 2823 extremum,

228 2868 294 2908 cum
312 2849 368 2907 iam
385 2850 502 2909 dimissa
520 2853 655 2910 contione
674 2861 823 2911 revocatus
842 2852 990 2910 aVatinio
1008 2851 1117 2922 suisset,
1133 2869 1161 2909 se

229 2947 341 3008 audisse
360 2966 377 3006 a
396 2947 522 3009 Curione
541 2950 586 3008 his
604 2951 640 3008 de
660 2951 746 3010 rebus
768 2949 917 3009 conscium
938 2968 1002 3008 esse
1016 2947 1161 3018 Pisonem,

228 3063 366 3122 genemm
386 3065 493 3116 meum,
514 3058 542 3106 et
563 3047 604 3108 M.
625 3047 821 3108 Laterensem.
864 3067 890 3119 4.
913 3048 1000 3106 Nunc
1017 3065 1085 3106 reus
1104 3057 1163 3104 erat

229 3143 307 3219 apud
321 3142 457 3203 Crassum
476 3144 601 3205 Divitem
615 3146 729 3206 Vettius
751 3147 787 3205 de
803 3147 830 3205 vi
847 3156 884 3216 et,
904 3164 971 3205 cum
986 3154 1063 3204 esset
1084 3146 1163 3203 dam-

229 3245 320 3307 natus,
345 3247 405 3296 erat
432 3239 568 3298 indicium
592 3240 805 3317 postulaturus;
827 3240 908 3317 quod
930 3241 954 3298 si
976 3240 1162 3314 impetrasset,

230 3335 334 3394 iudicia
360 3336 421 3397 fore
448 3338 634 3398 videbantur:
664 3356 699 3397 ea
723 3356 786 3408 nos,
808 3348 908 3414 utpote
930 3339 979 3415 qui
1002 3337 1072 3395 nihil
1094 3356 1162 3396 con-

230 3443 356 3492 temnere
374 3435 525 3506 soleamus,
544 3455 597 3494 non
617 3435 851 3510 contemnebamus,
870 3438 917 3495 sed
935 3455 996 3496 non
1016 3435 1163 3512 pertimes-
