2436 3836
71 248 122 307 rap.
136 229 269 316 144‚14⁵·]
291 236 405 292 urisr.
420 243 470 292 Au
483 243 710 293 summanus
724 245 773 292 xr.
793 249 831 315 13
847 262 870 293 a.
964 244 1026 312 273

71 395 287 455 incolumitatis
301 413 421 454 causam
436 397 590 472 suscipere,
604 406 636 455 ut
649 415 717 454 vere
732 395 835 466 dicam,
850 395 955 471 coe'git.
1000 413 1028 453 2.

74 495 116 552 In
130 514 189 572 qua
202 513 233 552 re
247 513 305 571 ego
318 513 379 564 voe,
391 505 487 571 patres
503 497 668 572 conscripti,
680 513 733 554 oro
748 505 835 569 atque
850 495 982 564 obsecro,
997 503 1029 552 ut

73 594 196 669 privatis
209 593 421 651 offensionibus
436 594 552 652 omissis
569 613 701 652 summae
715 595 756 652 rei
770 593 902 669 publicae
922 609 1028 650 consu·

75 692 145 750 latis
166 710 239 750 neve
264 691 493 750 misericordiam
514 703 645 751 nostram
666 694 865 768 exercitusque
886 690 978 749 nostri
997 690 1028 745 in

75 790 155 849 civili
177 789 357 849 dissensione
380 791 493 848 sceleris
514 791 580 850 loco
601 795 726 868 ponatis.
770 791 860 863 Quod
883 789 907 848 si
928 788 1028 846 salutis

75 889 212 948 omnium
230 907 265 947 ac
282 889 429 964 dignitatis
443 890 585 948 rationem
599 891 763 960 habueritiS,
778 890 881 948 melius
902 898 931 946 et
944 885 1028 944 vobis

75 997 108 1045 et
130 988 170 1045 rei
191 987 323 1063 publicae
344 987 510 1048 consuletis.
552 987 588 1046 D.
603 1007 644 1046 1u.
661 989 728 1047 Kal.
742 988 808 1046 Iun.
824 1007 842 1046 a
860 988 954 1045 Ponte
976 983 1029 1040 Ar-

76 1095 196 1161 genten

243 1247 309 1302 145.
350 1242 408 1301 AD
429 1243 681 1306 summanus
703 1247 756 1305 xi.
781 1265 816 1322 13
839 1266 864 1304 a.

178 1378 207 1417 D.
229 1377 341 1417 BRUTUS
365 1377 424 1416 IMP.
446 1377 505 1419 COS.
526 1379 617 1420 DESIG.
640 1381 663 1420 S.
685 1382 713 1420 D.
735 1382 765 1421 M.
788 1377 931 1421 CICERONI.

127 1495 151 1532 1.
173 1474 231 1532 Ixru
251 1491 313 1531 non
334 1491 391 1549 ago
412 1475 463 1531 tibi
484 1476 608 1550 gratias;
634 1479 679 1535 cui
700 1479 779 1536 enim
803 1497 833 1536 re
854 1477 902 1533 vix
923 1471 1028 1531 referre

80 1591 211 1651 possum,
226 1573 294 1631 huic
307 1573 401 1631 verbis
422 1590 484 1630 non
502 1575 609 1649 patitur
628 1594 675 1635 res
697 1575 859 1634 satisfieri:
881 1570 1028 1631 attendere

80 1672 203 1743 tevolo,
224 1689 300 1747 quae
321 1671 351 1728 iu
371 1671 506 1730 manibus
528 1684 613 1744 sunt;
636 1693 694 1750 qua
714 1677 792 1733 enim
814 1671 1028 1751 prudentiam,

80 1771 152 1830 nihil
173 1781 201 1834 te
222 1769 321 1846 fugiet,
336 1770 360 1826 si
385 1787 465 1828 meas
487 1771 594 1830 litteras
614 1774 765 1850 diligenter
784 1773 896 1849 legeris.
940 1766 1029 1843 Sequi

81 1869 237 1928 confestim
261 1868 424 1926 Antonium
448 1869 493 1928 his
516 1871 552 1928 de
578 1872 680 1942 causis
702 1870 816 1941 Cicero,
840 1888 903 1928 non
927 1866 1028 1943 potui:

81 1986 162 2027 eram
197 1967 260 2025 sine
290 1967 441 2041 equitibus,
472 1967 533 2027 sine
568 1970 719 2043 iumentis;
756 1969 884 2027 Hirtium
918 1965 1028 2042 perisse

82 2067 266 2138 nesciebam;
287 2064 406 2123 Caesari
420 2084 481 2124 non
495 2067 650 2127 credebam
664 2070 752 2145 prius,
768 2086 856 2144 quam
876 2063 1027 2124 convenis·

82 2183 147 2224 sem
167 2175 196 2223 et
216 2164 377 2222 collocutus
398 2182 502 2223 essem.
548 2185 573 2224 2.
595 2166 654 2225 Hic
675 2167 737 2226 dies
757 2167 815 2225 hoc
837 2164 928 2222 modo
949 2162 1026 2220 abiit.

80 2265 204 2322 Postero
233 2263 280 2320 die
308 2281 394 2321 mane
422 2282 440 2322 a
462 2263 559 2323 Pansa
586 2284 650 2324 sum
679 2265 831 2325 arcessitus
853 2261 1028 2322 Bononiam.

82 2363 161 2421 Cum
180 2362 210 2419 in
227 2361 327 2420 itinere
345 2380 448 2433 essem,
467 2365 628 2422 nuntiatum
645 2365 715 2423 mihi
735 2376 779 2423 est
796 2383 864 2422 eum
880 2370 1028 2419 mortuum

82 2480 156 2520 esse.
198 2460 320 2519 Recurri
339 2460 377 2518 ad
393 2479 474 2519 meas
497 2463 644 2539 copiolas;
666 2463 707 2522 sic
728 2465 806 2522 enim
820 2480 885 2521 vere
906 2478 956 2518 eas
977 2476 1028 2533 ap·

81 2560 191 2638 pellere
209 2576 349 2633 possum:
371 2569 438 2617 sunt
454 2563 707 2620 extenuatissimae
729 2572 758 2620 et
777 2562 877 2636 inopia
896 2559 1029 2617 omnium

81 2676 180 2717 rerum
193 2658 320 2734 pessime
334 2668 479 2734 acceptae.
521 2659 618 2719 Biduo
636 2680 684 2719 me
699 2660 845 2718 Antonius
866 2657 1028 2725 antecessit,

80 2759 185 2816 itinera
196 2756 288 2813 multo
302 2757 413 2814 maiora
423 2756 537 2832 lugiens
551 2776 638 2834 quam
654 2776 711 2833 ego
726 2777 867 2836 sequens:
890 2757 935 2814 ille
950 2757 1028 2813 enim

81 2858 113 2915 iit
145 2854 262 2930 passim,
291 2872 347 2929 ego
382 2855 544 2914 ordinatim.
588 2856 782 2933 Quacumque
817 2857 856 2927 iit,
884 2855 1030 2932 ergastula

80 2953 177 3022 solvit,
191 2951 325 3010 homines
341 2951 471 3028 adripuit,
487 2955 614 3012 constitit
628 2974 773 3031 nusquam
787 2957 873 3032 prius,
889 2974 977 3032 quam
993 2954 1030 3013 ad

80 3050 168 3110 Vada
182 3051 275 3120 venit;
298 3068 387 3124 quem
400 3050 497 3108 locum
508 3051 574 3110 volo
589 3053 641 3110 tibi
655 3073 719 3113 esse
733 3062 850 3113 notum:
872 3057 945 3114 iacet
956 3055 1030 3112 inter

80 3149 294 3225 Appenninum
306 3157 335 3206 et
346 3148 446 3226 Alpes,
456 3150 682 3225 inpeditissimus
691 3153 729 3210 ad
739 3154 791 3213 iter
802 3153 975 3212 iaciendum.
1002 3173 1029 3226 3.

80 3249 160 3306 Cum
175 3247 307 3305 abessem
321 3249 359 3305 ab
373 3265 409 3305 eo
424 3247 501 3306 milia
515 3265 655 3324 passuum
669 3269 735 3309 xxx.
750 3261 778 3310 et
792 3271 823 3311 se
836 3253 934 3310 eiiam
949 3250 1029 3308 Ven-

80 3345 170 3403 tidius
191 3346 399 3417 coniunxisset,
415 3347 514 3405 contio
535 3347 597 3406 eius
617 3348 656 3406 ad
675 3367 722 3406 me
744 3360 788 3408 est
809 3351 912 3419 adlata,
927 3349 1030 3424 inqua

82 3454 181 3521 petere
201 3444 331 3521 coepita
351 3445 498 3516 militibus
516 3455 548 3503 ut
567 3464 598 3504 se
618 3456 698 3506 trans
712 3448 803 3525 Alpes
822 3455 1028 3523 sequerentur;

548 3563 567 3603 r
