2452 3842
68 238 115 298 ap.
130 248 182 300 109,
197 223 267 306 ua]
301 237 414 287 aaran
430 237 479 285 AD
494 236 660 286 arricum
671 237 744 286 arv.
764 240 801 308 13
817 237 849 282 Β.
960 237 1021 302 225

66 404 154 468 patre
175 395 253 454 eius:
274 414 336 455 non
357 398 568 474 contempseris
593 397 670 455 hanc
692 396 847 467 familiam;
870 393 1021 452 honestius

66 494 150 550 enim
184 503 213 551 et
247 494 382 554 libentius
411 497 587 573 deponimus
621 496 785 553 inimicitias
812 495 853 551 rei
888 493 1020 569 publicae

65 591 193 650 nomine
213 602 364 670 susceptas
387 614 475 672 quam
501 595 711 653 contumaciae.
753 592 805 650 Me
826 590 932 650 deinde
957 591 1020 649 sine

67 689 111 746 ad
132 689 207 748 hanc
221 693 391 766 opinionem
411 694 470 751 iam
490 711 568 751 nunc
588 691 713 768 dirigere
732 708 856 769 puerum
870 701 898 748 et
919 699 1020 747 tenero

67 779 172 846 animo
197 790 259 848 eius
281 791 457 866 persuadere
480 809 542 848 non
566 809 630 850 esse
656 790 813 849 tradendas
834 789 958 866 posteris
978 788 1021 872 in:

67 886 212 948 imicitias.
254 887 444 965 Quamquam
465 899 546 947 tuam
568 889 724 960 fortunam,
745 887 861 958 Cicero,
881 887 918 944 ab
939 887 1021 944 omni
1050 871 1055 882 ⁸

67 985 202 1060 periculo
227 988 329 1046 abesse
355 998 465 1046 certum
487 987 592 1058 habeo,
615 997 713 1046 tamen
736 987 857 1045 arbitror
882 985 967 1044 malle
992 993 1021 1042 te

68 1083 201 1158 quietam
226 1097 405 1145 senectutem
427 1096 455 1144 et
479 1085 671 1146 honorificam
699 1086 795 1162 potius
823 1103 909 1161 agere
932 1101 1021 1160 quam

68 1181 234 1242 sollicitam.
277 1185 429 1244 Postremo
445 1203 512 1243 meo
526 1186 587 1244 iure
607 1195 635 1244 te
654 1185 712 1243 hoc
733 1183 906 1243 beneficium
927 1200 1021 1259 rog03

68 1280 145 1339 nihil
172 1283 251 1340 enirn
279 1302 340 1341 non
361 1295 410 1342 tua
431 1302 519 1342 causa
540 1284 603 1344 feci.
648 1283 738 1356 Quod
759 1285 782 1342 si
805 1301 866 1340 non
887 1283 1019 1357 impetro,

67 1399 127 1456 per
153 1399 201 1439 me
230 1381 335 1440 Clodio
358 1383 480 1445 daturus
500 1401 560 1442 non
584 1401 657 1454 sum,
682 1393 713 1442 ut
737 1381 895 1458 intellegas
920 1380 1021 1456 quanti

66 1477 153 1554 apud
179 1498 227 1538 me
256 1482 411 1540 auctoritas
438 1491 487 1540 tua
515 1483 560 1553 sit,
583 1491 669 1558 atque
693 1500 730 1540 eo
754 1491 783 1540 te
805 1479 1020 1556 placabiliorem

66 1578 221 1654 praebeas

242 1741 307 1795 110.
350 1737 407 1795 AD
428 1738 624 1797 ATTICUM
646 1738 727 1797 XIV⁴.
752 1757 788 1813 13
811 1738 844 1796 B.

336 1872 439 1913 CICERO
459 1873 587 1914 ANTONIO
608 1872 665 1914 COS.
688 1872 711 1912 S.
731 1873 759 1912 D.

118 1987 143 2024 1.
165 1967 255 2039 Quon
278 1987 396 2027 mecum
419 1988 472 2045 per
493 1969 601 2028 litteras
626 1969 697 2044 agis,
722 1985 811 2026 unam
836 1967 875 2025 ob
900 1981 1020 2024 causam

69 2065 190 2124 mallem
205 2085 305 2125 coram
319 2068 448 2143 egisses:
471 2087 533 2126 non
550 2068 627 2126 enim
646 2068 742 2126 solum
761 2066 952 2136 exoratione,
968 2061 1021 2122 sed

68 2166 162 2224 etiam
181 2183 217 2223 ex
232 2165 311 2225 voltu
325 2175 354 2224 et
368 2167 460 2225 oculis
475 2176 503 2224 et
522 2167 626 2237 fronte,
640 2175 673 2224 ut
687 2167 776 2235 aiunt,
790 2182 889 2222 meum
908 2181 978 2238 erga
991 2173 1019 2220 te

69 2281 205 2322 amorem
236 2266 401 2346 perspicere
433 2266 580 2341 potuisses
590 2285 599 2338 3
635 2281 713 2334 nam,
743 2282 812 2322 cum
842 2274 871 2322 te
904 2280 1019 2338 semper

67 2363 174 2432 amavi,
195 2363 322 2439 primum
345 2373 396 2422 tuo
419 2363 522 2435 studio,
544 2373 613 2440 post
634 2363 722 2420 etiam
742 2361 885 2421 beneficio
913 2378 1019 2436 provo·

67 2471 162 2530 catus,
177 2470 240 2518 tum
261 2460 305 2520 his
326 2461 505 2538 temporibus
526 2481 572 2521 res
593 2461 711 2538 publica
731 2470 759 2519 te
780 2459 852 2518 mihi
874 2461 913 2518 ita
938 2477 1018 2518 com·

66 2557 227 2630 mendavit,
238 2569 269 2617 ut
283 2559 424 2617 cariorem
439 2559 562 2618 habeam
572 2561 729 2618 neminem.
775 2579 799 2617 a.
815 2558 940 2617 Litterae
949 2576 1018 2616 vero

66 2667 138 2714 tuae
166 2675 234 2716 cum
259 2657 465 2730 amantissime,
487 2668 549 2717 tum
577 2658 869 2718 honorificentissime
894 2658 1018 2733 scriptae

68 2758 112 2815 sic
135 2774 183 2814 me
204 2755 382 2827 adiecerunt,
404 2767 436 2814 ut
456 2775 517 2816 non
539 2757 607 2817 dare
628 2759 680 2817 tibi
702 2757 878 2816 beneficium
898 2759 1018 2828 viderer,

69 2855 124 2914 sed
139 2855 269 2932 accipere
284 2875 302 2914 a
316 2865 344 2914 te
358 2857 537 2933 impetente,
551 2866 583 2915 ut
597 2857 747 2915 inimicum
760 2875 868 2927 meum,
884 2876 1018 2916 necessa-

68 2955 145 3011 rium
160 2963 252 3026 tuum,
266 2973 315 3012 me
329 2955 418 3013 invito
430 2973 543 3014 servare
558 2955 658 3027 nolles,
680 2974 747 3014 cum
760 2955 791 3013 id
805 2955 884 3014 nullo
898 2958 1018 3032 negotio

68 3052 167 3110 lacere
194 3070 305 3129 posses.
349 3073 376 3128 3.
398 3052 465 3129 Ego
492 3072 561 3112 vero
588 3054 639 3112 tibi
661 3053 743 3125 istuc,
765 3053 806 3112 mi
830 3056 951 3126 Antoni,
974 3073 1017 3114 re·

68 3150 164 3220 mitto,
188 3160 273 3226 atque
295 3152 343 3224 ita,
365 3163 397 3210 ut
421 3170 469 3210 me
490 3171 509 3212 a
532 3161 570 3223 te,
593 3169 660 3210 cum
682 3152 716 3211 iis
740 3152 832 3211 verbis
861 3153 1018 3231 scripseris,

69 3247 269 3308 liberalissime
297 3260 384 3326 atque
416 3250 706 3309 honorificentissime
738 3260 891 3310 tractatum
922 3253 1018 3312 existi-

71 3361 161 3414 mem,
182 3343 270 3420 idque
293 3363 361 3404 cum
384 3355 487 3416 totum,
508 3363 628 3423 quoquo
651 3345 743 3405 modo
768 3363 799 3404 se
823 3365 869 3406 res
891 3346 1018 3418 haberet,

71 3441 124 3498 tibi
142 3440 271 3500 dandum
286 3453 426 3519 putarem,
439 3454 502 3503 tum
516 3444 555 3503 do
569 3444 655 3502 etiam
669 3444 839 3504 humanitati
857 3456 887 3505 et
901 3455 1018 3504 naturae

537 3560 555 3610 Q
