2454 3842
214 207 274 276 116
485 225 524 274 n.
550 225 670 274 aucun
690 225 879 274 crcsnours
1046 211 1123 294 [ears
1137 227 1166 275 n.

211 401 269 458 qua
289 400 380 440 unum
401 384 545 444 exstitisse
565 384 695 444 mirabile
716 394 769 456 est,
784 403 873 461 quem
894 401 951 460 ego
973 401 1097 442 currum
1120 396 1166 442 aut

211 499 301 557 quam
322 481 449 540 lauream
471 501 539 542 cum
560 493 609 542 tua
629 484 796 542 laudatione
817 482 1002 542 conferrem?
1030 501 1109 540 nam
1130 483 1166 540 ad

212 597 311 637 meum
332 597 450 640 sensum
471 590 500 640 et
520 580 558 640 ad
578 582 648 640 illud
670 583 815 642 sincerum
835 601 871 641 ac
895 581 999 647 subtile
1021 581 1165 640 iudicium

211 678 283 738 nihil
297 687 394 756 potest
411 697 476 738 esse
496 680 668 739 laudabilius
689 698 778 756 quam
795 698 830 738 ea
848 689 897 738 tua
910 681 1013 751 oratio,
1027 698 1110 756 quae
1125 689 1166 739 est

212 776 250 836 ad
277 796 326 837 me
351 779 512 856 perscripta
540 797 558 838 a
585 779 658 838 meis
681 779 858 838 necessariis.
904 798 930 836 a.
953 777 1012 837 Sed
1040 797 1165 838 causam

212 895 295 935 meae
309 877 471 948 voluntatis,
487 878 641 936 nonenim
663 877 759 936 dicam
773 877 946 953 cupiditatis,
964 880 1092 954 exposui
1114 881 1164 938 tibi

213 976 410 1052 superioribus
423 975 530 1047 litteris,
546 995 621 1054 quae
631 976 746 1034 ‘etiamsi
761 994 864 1052 parum
878 975 953 1035 iusta
967 977 1016 1034 tibi
1032 977 1097 1036 visa
1112 990 1164 1050 est,

211 1075 287 1134 hanc
302 1086 401 1134 tamen
415 1075 503 1134 habet
516 1076 667 1147 rationem,
674 1039 745 1133 iton
759 1084 790 1133 ut
805 1075 892 1134 nimis
906 1076 1164 1151 concupiscendus

212 1172 316 1241 honos,
340 1174 392 1232 sed
412 1183 519 1245 tamen,
542 1175 565 1232 si
586 1173 731 1234 deferatur
751 1192 769 1232 a
789 1183 901 1244 senatu,
920 1174 1040 1232 minime
1061 1193 1164 1252 asper-

212 1271 327 1329 nandus
349 1289 413 1330 esse
434 1274 571 1333 videatur.
615 1273 708 1349 Spero
729 1282 826 1332 autem
846 1272 927 1330 illum
947 1272 1082 1332 ordinem
1109 1291 1162 1350 pro

213 1369 286 1427 meis
301 1369 340 1426 ob
354 1387 417 1428 rem
431 1371 577 1446 publicam
591 1372 732 1447 susceptis
752 1371 900 1429 laboribus
918 1388 966 1429 me
985 1388 1047 1428 non
1064 1372 1163 1450 indig-

214 1485 285 1524 num
299 1467 419 1540 honore,
435 1469 540 1530 usitato
560 1469 737 1547 praesertim,
751 1469 988 1528 existimaturum.
1031 1469 1125 1541 Quod
1139 1474 1162 1530 si

212 1565 253 1622 ita
273 1565 334 1637 erit,
355 1574 469 1625 tantum
490 1586 527 1626 ex
547 1578 577 1628 te
597 1577 676 1645 peto,
699 1567 779 1644 quod
800 1568 973 1627 amicissime
994 1569 1105 1640 scribis,
1123 1580 1161 1640 ut,

215 1681 283 1720 cum
305 1673 355 1722 tuo
376 1665 491 1738 iudicio,
507 1666 588 1743 quod
610 1666 819 1742 amplissimum
839 1685 903 1726 esse
923 1667 1076 1738 arbitraris,
1092 1670 1161 1727 mihi
1219 1655 1220 1712 ἕ

213 1761 354 1834 tribueris,
380 1763 404 1820 si
431 1764 470 1834 id,
493 1765 573 1840 quod
598 1765 737 1835 maluero,
765 1764 909 1836 acciderit,
934 1765 1083 1841 gaudeas:
1120 1769 1160 1827 sic
1219 1749 1220 1778 r

214 1858 293 1917 enim
309 1859 411 1920 fecisse
425 1871 454 1921 te
469 1871 498 1921 et
512 1864 638 1922 sensisse
652 1871 681 1921 et
700 1863 850 1940 scripsisse
870 1863 963 1935 video,
978 1883 1084 1941 resque
1099 1866 1160 1943 ipsa

215 1959 341 2017 declarat
355 1959 406 2018 tibi
419 1961 500 2019 illum
514 1961 658 2020 honorem
677 1971 809 2021 nostrum
829 1962 1045 2039 supplicationis
1060 1963 1160 2023 iucun-

215 2058 286 2116 dum
307 2056 404 2128 fuisse,
419 2058 500 2135 quod
520 2058 675 2118 scribendo
695 2057 828 2129 adfuisti3
850 2060 923 2119 haec
945 2061 1024 2118 enim
1047 2073 1160 2120 senatus

215 2156 347 2214 consulta
371 2173 432 2214 non
460 2157 563 2232 ignoro
591 2159 629 2215 ab
658 2158 838 2216 amicissimis
866 2159 937 2230 eius,
959 2158 1043 2217 cuius
1067 2158 1160 2218 honor

215 2255 317 2330 agitur,
334 2255 418 2313 scribi
434 2255 534 2315 solere.
576 2254 652 2332 Ego,
664 2266 696 2315 ut
709 2274 805 2332 spero,
816 2266 845 2315 te
859 2257 1032 2333 propediem
1047 2259 1160 2329 videbo,

215 2363 301 2429 atque
316 2354 426 2412 utinam
440 2372 470 2411 re
485 2353 601 2431 publica
615 2354 733 2412 meliore
745 2372 834 2430 quam
847 2354 955 2413 timeol

388 2515 435 2570 41.
479 2511 536 2570 ΑΙ)
557 2510 809 2570 FAMILIARES
830 2511 916 2570 Vlll.
943 2531 988 2584 14.

1220 2585 1221 2610 l

313 2625 378 2684 Sca.
401 2625 510 2686 Rouan
530 2646 625 2686 nausa
646 2626 813 2687 Sarranum
836 2629 872 2704 (i)
896 2647 979 2688 auc.
1003 2642 1072 2702 704.
1220 2621 1221 2662 t

510 2753 631 2794 casurus
651 2753 785 2794 c1csnom
805 2754 866 2794 sau.

259 2867 284 2905 r.
307 2845 405 2906 Taurr
429 2866 491 2907 non
514 2849 566 2909 fuit
592 2851 724 2910 Arsacen
745 2869 848 2927 capere
870 2860 899 2909 et
921 2850 1093 2910 Seleuceam
1116 2868 1165 2908 ex·
1220 2797 1221 2866 i

215 2963 354 3024 pugnare,
366 2954 397 3004 ut
411 2964 511 3005 earum
524 2967 627 3020 rerum,
644 2968 718 3026 quae
729 2947 776 3008 hic
791 2958 890 3025 gestae
906 2959 981 3020 sunt,
997 2949 1164 3025 spectaculo
1220 2963 1221 2976 ¹

215 3061 344 3104 careres:
379 3062 540 3121 numquam
565 3047 616 3105 tibi
641 3047 717 3106 oculi
745 3047 913 3118 doluissent,
939 3047 964 3106 si
991 3047 1022 3104 in
1049 3047 1167 3122 repulsa

214 3141 337 3200 Domitii
358 3144 468 3202 voltum
488 3144 616 3205 vidisses.
658 3145 771 3222 Magna
792 3146 839 3204 illa
860 3145 978 3206 comitia
998 3145 1118 3204 fuerunt
1140 3155 1167 3203 et

215 3240 302 3318 plane
331 3242 425 3300 studia
449 3261 486 3301 ex
515 3245 640 3320 partium
668 3262 755 3302 sensu
782 3253 998 3320 apparuerunt,
1026 3244 1168 3321 perpauci

215 3340 459 3398 necessitudinem
473 3341 564 3400 secuti
577 3341 706 3420 oliicium
720 3344 934 3417 praestiterunt.
976 3341 1081 3418 ltaque
1096 3341 1168 3399 mibi
1219 3315 1221 3406 l

216 3429 260 3496 es't
288 3436 435 3494 Domitius
469 3437 693 3508 inimicissimus,
721 3448 753 3496 ut
780 3457 818 3496 ne
847 3439 1018 3498 familiarem
1045 3441 1169 3516 quidem

198 3724 331 3792 A
