2452 3842
201 231 265 293 204
472 225 511 274 M.
537 223 656 272 ruaarr
678 223 867 272 cronnorvrs
1024 206 1092 297 [nm
1106 223 1145 274 rv.

203 401 269 441 cum
284 380 426 440 secundas
442 382 529 440 etiam
544 400 590 441 res
604 390 727 452 nostraS,
741 398 803 438 non
817 379 909 438 modo
924 378 1071 451 adversas,
1086 398 1145 456 per·

202 480 399 550 timescebam‚
415 480 606 555 videbamque
621 489 730 556 quanto
749 479 875 555 periculo
894 478 930 536 de
950 478 1013 535 iure
1033 479 1146 555 publico

203 578 410 654 disceptaretur
433 578 536 650 armis;
559 579 664 654 quibus
686 577 710 634 si
730 577 750 634 ii
770 577 913 647 vicissent,
936 575 975 634 ad
995 593 1073 651 quos
1094 593 1148 651 ego

203 676 284 753 pacis
298 693 359 752 spe,
369 693 430 735 non
444 675 511 733 belli
525 676 681 751 cupiditate
696 677 837 735 adductus
851 692 1044 746 accesseram,
1054 685 1149 732 tamen

202 774 413 848 intellegebam,
428 783 457 831 et
472 775 609 832 iratorum
623 774 775 832 hominum
789 783 818 832 et
832 773 1010 850 cupidorum
1024 781 1055 830 et
1073 773 1149 829 inso-

202 872 321 930 lentium
336 889 423 948 quam
438 872 560 930 erudelis
576 882 652 931 esset
667 871 760 930 sutura
774 872 899 942 victoria,
910 871 956 929 sin
972 879 1072 929 autem
1087 870 1150 927 victi

202 980 307 1040 essent,
314 977 437 1046 quantus
449 969 577 1028 interitus
588 979 664 1028 esset
675 970 786 1029 futurus
797 971 902 1029 civium
913 969 1022 1045 partim
1034 967 1152 1044 ar'nplis-

203 1069 350 1138 simomm,
359 1068 463 1142 partim
478 1067 563 1126 etiam
577 1068 762 1143 optimorum,
772 1068 821 1144 qui
836 1087 882 1125 me
893 1066 968 1125 haec
979 1066 1152 1142 praedicen-

201 1176 261 1224 tem
280 1175 366 1240 atque
386 1166 495 1241 optime
514 1165 714 1224 consulentem
729 1167 812 1225 saluti
828 1184 898 1225 suae
911 1164 1065 1223 malebant
1078 1164 1153 1222 nim-

201 1266 261 1322 ium
276 1263 409 1322 timidum
423 1281 510 1341 quam
531 1265 599 1322 satis
618 1265 790 1340 pmdentem
805 1263 969 1323 existimari.
1015 1282 1044 1337 3.
1061 1261 1155 1334 Quod

201 1373 297 1423 autem
312 1362 383 1420 mihi
397 1362 434 1420 de
449 1379 493 1433 eo,
503 1362 582 1438 quod
596 1363 713 1438 egerim,
722 1363 880 1439 gratularis,
889 1372 917 1420 te
931 1362 971 1419 ita
981 1361 1058 1419 velle
1073 1371 1153 1420 certo

202 1461 272 1532 scio,
283 1460 335 1518 sed
349 1477 405 1533 ego
420 1470 479 1517 tam
493 1460 599 1518 misero
613 1471 744 1536 tempore
758 1460 828 1519 nihil
842 1461 910 1519 novi
925 1459 1041 1518 consilii
1058 1461 1154 1536 cepis·

202 1577 272 1630 sem,
283 1559 336 1616 nisi
347 1559 377 1616 in
389 1559 481 1617 reditu
491 1577 559 1618 meo
570 1559 659 1617 nihilo
670 1559 804 1618 meliores
814 1578 860 1618 res
872 1559 1050 1617 domesticas
1062 1577 1156 1635 quam

201 1675 263 1716 rem
278 1657 422 1732 publicam
437 1657 641 1716 offendissem:
661 1657 764 1734 quibus
778 1657 857 1715 enim
870 1674 924 1733 pro
940 1657 1014 1714 meis
1029 1657 1155 1716 immor·

201 1756 304 1815 talibus
318 1755 465 1814 beneficiis
478 1757 626 1815 carissima
639 1774 705 1815 mea
717 1757 792 1816 salus
804 1766 831 1814 et
843 1774 925 1814 meae
937 1755 1076 1814 fortunae
1087 1775 1155 1816 esse
1224 1801 1225 1820 r

181 1870 183 1875 ’
201 1855 354 1926 debebant,
365 1872 433 1912 cum
447 1863 566 1931 propter
580 1872 681 1914 eorum
697 1854 790 1913 scelus
805 1854 874 1912 nihil
888 1853 959 1911 mihi
973 1854 1052 1912 intra
1066 1873 1155 1914 meos

200 1953 323 2030 parietes
338 1961 438 2024 tutum,
451 1951 521 2009 nihil
534 1952 645 2012 insidiis
659 1970 782 2011 vacuum
796 1953 932 2022 viderem,
941 1969 1089 2010 novarum
1102 1971 1156 2011 me

200 2049 443 2110 necessitudinum
458 2049 593 2109 fidelitate
608 2061 709 2108 contra
729 2061 858 2108 veterum
877 2050 1030 2126 perfidiam
1052 2053 1156 2110 muni-

200 2151 310 2209 endum
324 2150 429 2225 putavi.
472 2149 531 2207 Sed
545 2150 582 2208 de
596 2149 702 2208 nostris
716 2150 802 2208 rebus
816 2151 885 2208 satis
898 2148 943 2207 vel
963 2149 1053 2206 etiam
1074 2151 1155 2208 nim·

199 2250 259 2306 ium
275 2247 373 2306 multa.
417 2266 444 2319 4.
466 2246 512 2305 De
527 2248 582 2306 tuis
596 2247 681 2304 velim
696 2257 776 2305 uteo
796 2247 836 2306 sis
850 2247 956 2318 anim0,
973 2265 1034 2322 quo
1056 2248 1154 2306 debes

200 2365 273 2416 esse,
289 2345 318 2402 id
338 2353 389 2416 est,
404 2355 434 2402 ut
451 2346 573 2420 nequid
588 2346 638 2403 tibi
653 2346 806 2422 praecipue
821 2345 982 2404 timendum
997 2353 1104 2420 putes:
1129 2349 1155 2406 si

200 2445 278 2501 enim
300 2452 389 2501 status
411 2443 464 2500 erit
485 2444 588 2520 aliquis
609 2444 738 2514 civitatis,
753 2443 928 2520 quicumque
950 2442 1011 2514 erit,
1032 2451 1063 2501 tc
1086 2463 1155 2503 om-

200 2544 280 2600 nium
298 2541 491 2618 periculorum
505 2543 589 2600 video
609 2552 758 2617 expertem
774 2541 836 2600 sore
845 2561 853 2614 ;
875 2559 944 2599 nam
964 2541 1076 2600 alteros
1099 2545 1155 2602 tibi

200 2641 258 2697 iam
273 2640 402 2716 placatos
416 2657 480 2698 esse
494 2639 637 2715 intellego
647 2639 754 2699 alteros
768 2657 929 2715 numquam
942 2639 1032 2697 iratos
1047 2639 1153 2701 fuisse.

200 2737 246 2796 De
261 2755 327 2794 mea
341 2741 438 2795 autem
453 2737 483 2794 in
500 2746 528 2795 te
547 2738 692 2796 voluntate
712 2739 753 2796 sic
771 2737 856 2795 velim
874 2736 993 2806 iudices,
1009 2755 1069 2808 me,
1086 2741 1154 2814 qui-

199 2834 381 2910 buscumque
406 2836 492 2894 rebus
515 2853 591 2912 opus
615 2853 680 2894 esse
703 2834 878 2910 intellegam,
900 2851 1084 2910 quamquam
1110 2838 1153 2895 vi-

200 2929 294 3002 deam,
306 2932 355 3007 qui
370 2933 425 2990 sim
439 2933 495 2991 hoc
510 2943 640 3009 tempore
656 2942 684 2990 et
695 2933 765 3008 quid
775 2934 896 3008 possim,
906 2949 996 3008 opera
1006 2941 1113 2991 tamen
1124 2945 1155 2993 et

200 3030 331 3099 consilio,
347 3031 442 3088 studio
458 3031 575 3106 quidem
593 3041 670 3090 certe
685 3031 725 3089 rei
739 3029 833 3088 famae
848 3030 930 3088 saluti
945 3038 1011 3088 tuae
1026 3043 1152 3106 praesto

199 3127 335 3186 futurum.
378 3128 427 3186 Tu
451 3129 545 3201 velim,
568 3141 596 3188 et
621 3129 692 3207 quid
716 3147 786 3204 agas
811 3138 840 3187 et
864 3127 934 3205 quid
958 3140 1095 3188 acturum
1122 3141 1151 3189 te

200 3237 292 3304 putes,
307 3227 396 3286 facias
410 3246 457 3286 me
472 3246 560 3307 quam
576 3228 794 3304 diligentissime
809 3227 966 3287 certiorem
