2452 3842
226 197 285 262 192
499 195 538 245 M.
562 195 682 244 runnu
703 195 891 244 crcnnorvrs
1041 182 1100 265 [nn
1115 197 1150 242 iv.

409 407 457 462 es.
501 402 558 462 An
580 401 832 465 summanus
854 401 907 461 or.
933 414 978 476 17.

365 515 431 576 Scn.
454 515 562 575 Roman
583 535 676 576 mnnsu
700 516 819 574 Snxrrnr
840 535 925 576 auc.
950 517 1017 590 708.

580 642 682 684 c1c1rno
704 642 806 683 narro.

266 758 290 796 1.
313 737 381 798 Nou
400 747 431 796 tu
449 738 540 796 homo
558 738 693 796 ridiculus
714 756 754 807 eS,
773 738 832 814 qui,
851 755 919 796 cum
940 737 1049 797 Balbus
1067 749 1156 796 noster

222 837 300 913 apud
320 846 349 896 te
370 836 461 908 suerit,
482 855 518 894 ex
546 855 595 895 me
616 854 746 912 quaeras
768 835 838 912 quid
859 836 896 894 de
917 835 978 895 istis
1003 837 1157 912 municipiis

221 946 249 994 et
263 936 340 1012 agris
359 933 486 993 futurum
504 936 623 1010 putem?
645 935 729 1011 quasi
747 944 797 993 aut
815 952 873 1010 ego
890 935 1047 1010 quicquam
1066 935 1157 1002 sciam,

220 1035 301 1110 quod
322 1034 376 1092 iste
400 1033 518 1104 nesciat,
544 1042 600 1104 aut,
625 1033 649 1090 si
671 1032 742 1108 quid
766 1031 922 1108 aliquando
947 1033 1018 1103 sci0,
1040 1051 1101 1090 uon
1127 1052 1162 1091 ex

220 1133 276 1190 isto
301 1132 412 1190 soleam
440 1131 521 1190 scire.
564 1130 660 1189 Immo
685 1148 762 1200 vero,
786 1130 811 1188 si
839 1148 887 1188 me
910 1148 1000 1201 amas,
1018 1141 1049 1188 tu
1069 1131 1115 1190 sac
1135 1143 1163 1190 ut

221 1231 319 1300 sciam,
340 1229 410 1305 quid
431 1229 467 1286 de
488 1229 573 1287 nobis
594 1228 722 1286 futurum
743 1229 779 1288 sit
786 1248 795 1302 ;
820 1228 945 1287 habuisti
966 1230 1046 1287 enim
1066 1230 1098 1287 in
1118 1241 1164 1288 tua

220 1336 370 1402 potestate,
391 1346 427 1385 ex
449 1345 508 1402 quo
529 1327 574 1385 vel
595 1345 631 1384 ex
653 1327 751 1385 sobrio
769 1326 814 1384 vel
834 1337 912 1385 certe
933 1345 969 1384 ex
990 1328 1072 1386 ebrio
1095 1330 1165 1388 scire

219 1444 330 1501 posses.
374 1426 432 1485 Sed
452 1444 509 1503 ego
529 1429 593 1498 ista,
614 1427 654 1484 mi
676 1426 773 1498 Paete,
796 1445 858 1485 non
883 1445 1008 1503 quaero:
1040 1429 1165 1504 primum

219 1526 344 1600 quiade
369 1525 449 1584 lucro
472 1543 564 1601 prope
588 1525 646 1583 iam
667 1525 890 1600 quadriennium
914 1527 1045 1599 vivimus,
1069 1528 1095 1585 si
1120 1538 1166 1586 aut

218 1623 275 1681 hoc
297 1624 408 1682 lucrum
429 1635 473 1682 est
497 1633 546 1682 aut
566 1623 639 1682 haec
660 1625 726 1694 vita,
748 1625 932 1700 superstitem
961 1625 1002 1684 rei
1030 1627 1167 1702 publicae

217 1723 328 1794 vivere;
351 1723 465 1793 deiude,
483 1723 563 1799 quod
583 1723 655 1782 scire
674 1742 721 1799 ego
740 1740 858 1799 quoque
876 1723 945 1781 mihi
965 1725 1075 1796 videor,
1097 1725 1167 1802 quid

217 1821 345 1879 futurum
365 1822 401 1879 sit
410 1839 419 1878 v:
442 1821 491 1880 fiet
510 1821 588 1880 enim
603 1822 809 1898 quodcumque
828 1822 925 1880 volent
944 1823 993 1899 qui
1012 1823 1169 1895 valebunt;

218 1921 352 1980 valebunt
370 1904 475 1978 ‘autem
500 1937 616 1994 semper
639 1938 727 1978 arma.
771 1919 846 1978 Satis
875 1921 960 1997 igitur
988 1923 1076 1982 nobis
1105 1942 1170 1981 esse

217 2020 303 2079 debet
324 2017 462 2095 quicquid
483 2019 667 2076 conceditur:
696 2017 753 2076 hoc
775 2018 799 2076 si
821 2019 870 2094 qui
891 2019 951 2095 pati
975 2037 1038 2077 non
1063 2023 1172 2096 potuit,

216 2120 290 2178 mori
304 2118 411 2177 debuit.
455 2137 480 2175 2.
502 2117 655 2174 Veientem
675 2115 793 2192 quidem
812 2136 914 2193 agrum
934 2128 963 2176 et
983 2117 1173 2196 Capenatem

216 2219 387 2290 metiuntur5
417 2215 475 2274 boc
502 2234 564 2274 non
593 2217 681 2292 longe
708 2217 791 2274 abest
815 2235 833 2274 a
862 2216 1041 2276 Tusculano
1088 2219 1196 2296 Nihil,

215 2326 314 2374 tamen
335 2317 440 2374 timeo:
465 2314 553 2386 fruor,
572 2315 643 2373 dum
664 2314 747 2386 licet;
777 2324 857 2390 opt0,
878 2324 910 2373 ut
931 2334 1048 2392 semper
1070 2317 1175 2377 liceat.

216 2415 247 2473 Si
272 2416 301 2474 id
325 2415 422 2477 minus
447 2413 608 2488 contigerit,
634 2422 741 2484 tamen,
766 2414 905 2488 quoniam
931 2431 987 2489 ego
1011 2415 1057 2472 vir
1085 2416 1176 2476 fortis

215 2515 351 2590 idemque
386 2511 577 2588 philosophus
608 2513 700 2570 vivere
729 2511 955 2587 pulcherrimum
989 2513 1070 2584 duxi,
1112 2535 1177 2576 non

215 2630 337 2686 possum
358 2629 426 2670 eum
447 2629 509 2669 non
530 2610 655 2687 diligere,
673 2611 754 2670 cuius
775 2611 916 2670 beneficio
934 2611 964 2669 id
985 2626 1177 2673 consecutus

215 2728 297 2767 sum:
320 2710 412 2785 quisi
432 2710 530 2785 cupiat
553 2727 617 2767 esse
639 2728 702 2767 rem
723 2709 879 2784 publicam,
899 2709 1015 2786 qualem
1038 2710 1178 2773 fortasse

215 2817 244 2866 et
263 2808 310 2866 ille
326 2808 386 2867 volt
403 2818 433 2867 et
452 2826 556 2866 omnes
575 2817 677 2883 optare
697 2807 847 2876 debemus,
865 2808 936 2883 quid
956 2807 1045 2866 saciat
1065 2819 1180 2870 tamen

214 2923 274 2964 non
296 2906 401 2978 habet;
433 2907 472 2964 ita
497 2924 528 2964 se
553 2924 620 2965 cum
643 2905 740 2964 multis
765 2905 915 2982 colligavit.
958 2906 1016 2965 Sed
1046 2907 1180 2986 longius

213 3005 401 3081 progredior;
435 3005 530 3064 scribo
555 3005 634 3064 enim
659 3005 697 3063 ad
721 3013 758 3062 te.
802 3023 828 3078 3.
851 3003 920 3064 Hoc
948 3015 1050 3064 tamen
1084 3011 1181 3078 scito,

213 3122 273 3161 non
293 3104 383 3162 modo
403 3122 459 3175 me,
474 3104 524 3181 qui
543 3104 671 3163 consiliis
690 3121 751 3162 uon
770 3104 919 3174 intersum,
934 3103 986 3161 sed
1005 3121 1046 3172 ne
1064 3105 1182 3182 ipsum

213 3203 330 3280 quidem
359 3204 521 3280 principem
549 3203 630 3274 scire,
657 3201 727 3279 quid
754 3201 882 3260 futurum
911 3201 962 3274 sit;
994 3219 1054 3260 nos
1088 3208 1182 3264 enim

212 3303 252 3358 iiii
269 3302 417 3371 servimus,
433 3302 495 3376 ipse
516 3301 714 3376 temporibus:
736 3300 775 3359 ita
794 3318 848 3358 nec
867 3299 922 3370 ille,
936 3299 1006 3376 quid
1025 3310 1184 3380 tempora

212 3399 392 3472 postulatura
406 3396 471 3468 sint,
482 3415 538 3456 nec
553 3415 614 3468 nos,
627 3397 697 3474 quid
711 3397 757 3456 ille
772 3399 887 3472 cogitet,
903 3398 976 3458 scire
990 3416 1183 3476 possumus.
