2432 3844
206 187 249 270 46
474 199 512 249 Μ.
539 197 661 247 ruurrr
681 198 868 246 cronacum
1043 185 1126 268 [aare
1146 203 1166 250 r.

206 357 329 434 aliquidi
350 359 441 416 multa
455 357 601 418 occultant
610 368 680 422 ¹tuae
694 358 811 429 litterae,
826 358 924 428 credo,
939 374 977 414 ne
990 356 1164 416 vehemen-

206 457 262 516 tius
280 456 480 533 desperatione
499 457 656 534 perturber.
691 455 772 528 Quid
792 456 871 514 enim
890 456 969 514 vides
989 457 1038 530 agi
1058 474 1163 532 posse

207 565 255 613 aut
269 572 328 630 quo
342 554 451 614 modo?
472 574 525 633 per
539 557 730 614 senatumne?
752 566 796 615 ast
809 564 870 614 tute
885 554 1023 631 scripsisti
1038 553 1078 612 ad
1093 572 1160 626 me,

207 653 355 729 quoddam
370 663 456 730 caput
474 654 546 730 legis
560 653 696 713 Clodium
717 655 749 713 in
770 655 865 713 curiae
887 664 970 730 poste
985 653 1096 723 fixisse,
1116 673 1160 711 na

206 770 332 811 nuruum
353 771 429 811 nava
449 771 508 812 nrcr
528 771 660 812 arcuuur.
703 753 772 825 Quo
787 753 878 810 modo
899 752 984 827 igitur
997 751 1159 810 Domitius
1203 825 1204 830 η

207 869 238 910 se
253 851 323 909 dixit
337 851 513 909 relaturum?
536 850 700 926 quomodo
715 861 811 909 autem
827 851 871 921 iis,
886 868 961 925 quos
981 857 1013 907 tu
1035 849 1157 918 scribis,

206 958 234 1006 et
248 948 284 1006 de
298 967 329 1006 re
345 949 506 1008 dicentibus
521 959 558 1021 et,
571 959 603 1007 ut
616 949 774 1020 referretur,
793 948 1004 1025 postulantibus
1023 947 1157 1006 Clodius

205 1047 314 1105 tacuit?
345 1065 388 1119 ac,
417 1047 441 1105 si
463 1066 515 1123 per
538 1047 688 1123 populum,
713 1048 855 1124 poteritne
878 1046 934 1105 nisi
953 1047 989 1104 de
1011 1047 1157 1104 omnium

205 1146 385 1203 tribunorum
400 1144 439 1220 pl.
452 1145 611 1204 sententia?
632 1145 703 1222 quid
717 1146 753 1204 de
767 1146 873 1204 bonis?
895 1145 965 1222 quid
980 1144 1016 1202 de
1032 1145 1154 1203 domo?

205 1244 348 1318 poteritne
361 1243 490 1301 restitui?
512 1253 569 1314 aut,
586 1245 610 1302 si
624 1262 684 1302 non
698 1244 812 1320 poterit,
834 1251 952 1320 egomet
972 1260 1032 1318 quo
1055 1244 1154 1302 modo

206 1341 329 1416 potero?
379 1339 463 1399 Haec
485 1342 540 1400 nisi
565 1342 644 1401 vides
667 1342 804 1418 expediri,
829 1359 918 1418 quam
939 1342 970 1398 in
993 1359 1078 1416 spem
1100 1359 1153 1398 me

204 1440 313 1496 vocas?
336 1439 487 1498 sinautem
500 1441 562 1516 spei
576 1440 647 1499 nihil
660 1450 711 1506 est,
724 1458 798 1516 quae
811 1448 855 1498 est
869 1438 940 1497 mihi
953 1439 1032 1496 vita?
1047 1439 1152 1516 itaque

205 1546 343 1612 exspecto
372 1537 599 1597 Thessalonicae
640 1547 705 1597 acta
740 1537 806 1597 Kal.
843 1537 931 1603 Sext,
967 1556 1004 1596 ex
1039 1538 1150 1614 quibus

205 1642 329 1693 statuam
355 1630 386 1693 in
411 1645 515 1695 tuosne
540 1654 626 1712 agros
653 1635 828 1711 confugiam,
852 1645 884 1694 ut
912 1653 1008 1711 neque
1029 1635 1150 1694 videam

204 1734 344 1807 homines,
360 1753 434 1810 quos
448 1736 547 1808 nolim,
562 1745 591 1794 et
611 1744 648 1807 te,
663 1745 695 1794 ut
716 1735 825 1807 scribis,
840 1734 953 1793 videam
974 1744 1004 1793 ct
1024 1737 1149 1812 propius

205 1834 269 1905 sim,
297 1833 321 1892 si
349 1832 419 1909 quid
443 1834 672 1911 agatur-idque
701 1833 828 1893 intellexi
842 1852 910 1892 cum
932 1835 993 1905 tibi,
1018 1844 1082 1892 tum
1109 1835 1148 1907 Q,

204 1929 282 1989 fratri
295 1931 457 2007 placere—,
473 1949 511 1990 an
525 1932 628 1990 abeam
643 1932 790 2008 Cyzicum.
827 1945 855 2006 7.
877 1931 972 2005 Nunc,
987 1933 1147 2009 Pomponi,

205 2031 344 2107 quoniam
371 2028 441 2088 nihil
468 2031 619 2106 impertisti
645 2040 712 2089 tuae
744 2029 913 2108 prudentiae
947 2031 987 2090 ad
1021 2033 1147 2090 salutem

204 2147 309 2200 meam,
321 2128 402 2204 quod
416 2129 508 2186 autin
521 2147 569 2187 me
583 2129 648 2204 ipso
663 2130 731 2188 satis
746 2148 808 2189 esse
823 2129 941 2188 consilii
949 2129 1080 2188 decreras
1097 2139 1147 2188 aut

205 2237 232 2286 te
254 2227 324 2285 nihil
347 2228 412 2304 plus
436 2227 507 2285 mihi
531 2228 635 2287 debere
658 2246 746 2304 quam
768 2237 799 2286 ut
819 2236 935 2304 praesto
960 2246 1049 2298 esses,
1070 2246 1147 2304 quo·

204 2327 340 2403 niamque
365 2343 422 2404 ego
449 2325 586 2401 proditus,
610 2325 752 2396 inductus,
778 2326 926 2384 coniectus
948 2326 978 2382 in
1002 2326 1145 2396 fraudem,

205 2425 303 2482 omnia
330 2442 396 2482 mea
423 2424 565 2502 praesidia
595 2423 719 2499 neglexi,
747 2433 839 2482 totam
867 2425 979 2482 Italiam
1010 2421 1053 2504 [in
1080 2421 1143 2504 me]

205 2532 329 2580 erectam
357 2522 395 2581 ad
421 2541 469 2581 me
503 2521 719 2581 defendendum
754 2522 868 2581 destitui
903 2533 931 2581 et
957 2522 1067 2598 reliqui,
1096 2541 1146 2582 me

204 2637 344 2694 meosque
362 2620 434 2678 meis
454 2620 558 2679 tradidi
577 2620 700 2679 inimicis
716 2620 898 2696 inspectante
922 2630 950 2678 et
970 2630 1084 2679 tacente
1106 2629 1145 2691 te,

205 2719 263 2795 qui,
278 2719 302 2776 si
316 2735 377 2775 non
391 2718 456 2794 plus
470 2718 587 2794 ingenio
601 2718 716 2777 valebas
733 2735 823 2794 quam
844 2736 909 2794 ego,
924 2728 1000 2777 certe
1021 2719 1145 2778 timebas

205 2817 317 2874 minus:
350 2817 374 2874 si
397 2826 489 2893 potes,
512 2817 589 2892 erige
610 2817 742 2876 adflictos
761 2826 789 2876 et
809 2818 840 2875 in
861 2835 896 2875 eo
918 2835 973 2876 nos
996 2817 1077 2890 iuva3
1098 2819 1145 2875 sin

205 2915 305 2974 omnia
329 2922 396 2972 sunt
418 2916 572 2987 obstructa,
601 2915 631 2974 id
653 2916 749 2992 ipsum
768 2916 814 2974 fac
836 2924 869 2973 ut
891 2916 1017 2974 sciamus
1042 2925 1071 2974 et
1088 2933 1144 2975 nos

205 3013 360 3088 aliquando
388 3023 437 3072 aut
465 3014 617 3089 obiurgare
644 3023 693 3072 aut
721 3015 841 3073 comiter
865 3013 1018 3072 consolari·
1035 3013 1143 3072 desine.

205 3110 272 3186 Ego
287 3112 311 3170 si
324 3121 403 3170 tuam
425 3111 512 3170 iidem
534 3131 709 3183 accusarem,
732 3130 793 3170 non
814 3130 862 3170 me
883 3112 1068 3189 potissimum
1088 3113 1143 3170 tuis

204 3210 287 3269 tectis
301 3210 468 3269 crederem:
490 3229 587 3270 meam
601 3213 758 3270 amentiam
773 3229 888 3282 accuso,
903 3210 1015 3286 quoda
1036 3220 1064 3268 te
1081 3219 1143 3268 tan·

204 3319 266 3368 tum
293 3328 333 3366 me
361 3311 458 3382 amari,
486 3319 627 3386 quantum
657 3327 713 3387 ego
738 3308 849 3381 vellem,
872 3310 985 3387 putavi;
1017 3309 1098 3384 quod
1120 3311 1142 3368 si

204 3408 312 3481 fuisset,
333 3407 422 3468 fidem
443 3407 580 3480 eandem,
598 3425 697 3466 curam
721 3407 862 3492 maiorem
886 3407 1074 3481 adhibuisses,
1096 3426 1142 3466 me
