2454 3842
217 241 275 306 106
491 255 530 305 M.
556 253 675 302 rurrrr
697 252 884 302 moruorum
1038 237 1105 325 [ne
1121 253 1152 297 11.

211 415 271 473 tuo,
295 404 391 464 multis
419 405 496 465 aliis:
528 406 551 465 si
579 405 741 482 praefectus
769 404 852 462 vellet
879 420 942 460 esse
971 401 1153 478 syngraphae

211 520 306 574 causa,
321 521 368 560 me
387 512 550 562 curaturum
570 513 601 561 ut
620 504 755 580 exigeret.
799 501 913 561 Gratias
932 501 1001 576 egit,
1017 501 1154 558 discessit.

212 600 326 676 Appius
361 609 459 659 noster
492 611 601 660 turmas
634 599 744 676 aliquot
775 599 905 675 equitum
937 596 1057 656 dederat
1090 598 1156 656 huic

213 698 337 776 Scaptio,
358 718 410 776 per
435 717 507 774 quas
535 697 707 757 Salaminios
728 705 881 767 coerceret,
903 705 932 754 et
956 696 1085 754 eundem
1104 695 1156 753 ha·

211 799 312 856 buerat
330 797 506 874 praefectum
515 816 523 868 ;
545 797 667 855 vexabat
686 795 866 854 Salaminios.
908 795 974 870 Ego
989 797 1102 871 equites
1120 815 1157 853 ex

213 894 311 972 Cypro
331 894 469 954 decedere
490 894 576 953 iussi:
597 894 717 954 moleste
738 893 801 952 tulit
821 893 961 970 Scaptius.
1008 912 1052 951 11.
1077 893 1159 966 Quid

212 994 321 1052 multa?
355 1004 387 1053 ut
418 995 444 1051 ei
477 993 564 1051 fidem
595 1011 691 1052 meam
723 1001 908 1068 praestarem,
937 1010 1004 1051 cum
1035 992 1076 1051 ad
1109 1011 1157 1049 me

213 1091 360 1151 Salaminii
381 1092 507 1150 Tarsum
527 1091 673 1150 venissent
693 1100 722 1148 et
742 1091 772 1147 in
796 1091 830 1148 iis
856 1089 995 1166 Scaptius
1018 1090 1159 1166 imperavi

214 1200 246 1249 ut
262 1192 416 1266 pecuniam
436 1189 587 1249 solverent.
629 1187 722 1248 Multa
743 1189 778 1248 de
801 1189 972 1266 syngrapha,
988 1187 1024 1246 de
1045 1186 1159 1263 Scaptii

214 1288 341 1346 iniuriis:
363 1289 466 1362 negavi
486 1306 534 1346 me
555 1288 661 1346 audire.
705 1285 847 1346 Hortatus
869 1305 942 1357 sum,
960 1286 1046 1362 petivi
1069 1287 1160 1344 etiam

214 1403 268 1460 pro
292 1387 365 1444 meis
394 1385 424 1442 in
449 1385 589 1443 civitatem
615 1384 769 1456 beneficiis,
791 1393 823 1443 ut
850 1385 1001 1461 negotium
1028 1385 1159 1442 confice·

214 1491 277 1540 rent
287 1500 296 1555 ς
318 1483 442 1560 denique
459 1485 518 1542 dixi
537 1502 585 1542 me
601 1493 776 1542 coacturum.
819 1482 964 1542 Homines
983 1501 1044 1566 non
1063 1483 1159 1541 modo

214 1596 275 1636 non
298 1599 438 1655 recusare,
462 1583 514 1642 sed
538 1583 624 1642 etiam
649 1582 706 1641 hoc
731 1582 833 1652 dicere,
858 1587 890 1640 se
912 1599 929 1640 a
953 1599 1001 1638 me
1025 1579 1140 1640 solvere
1151 1601 1159 1652 ;

215 1678 295 1753 quod
312 1680 391 1740 enim
411 1683 533 1758 praetori
554 1681 622 1740 dare
643 1689 841 1752 consuessent,
861 1680 999 1756 quoniam
1017 1697 1075 1755 ego
1096 1697 1161 1738 non

215 1793 393 1852 acceperam,
416 1798 447 1838 se
471 1799 489 1838 a
511 1798 558 1839 me
586 1780 715 1856 quodam
743 1778 833 1837 modo
858 1778 935 1848 dare,
958 1786 1044 1853 atque
1068 1779 1162 1836 etiam

215 1874 310 1933 minus
332 1894 396 1935 esse
418 1878 564 1954 aliquanto
586 1878 615 1935 in
638 1877 744 1953 Scaptii
766 1877 884 1935 nomine
908 1893 997 1950 quam
1018 1876 1048 1932 in
1069 1879 1162 1934 vecti-

215 1971 272 2046 gali
306 1976 458 2049 praetorio.
511 1974 679 2035 Collaudavi
713 1975 855 2034 homines.
907 1973 1032 2044 ‘Recte’
1063 1974 1163 2050 inquit

217 2069 349 2148 Scaptius
366 2073 435 2132 ‘sed
457 2075 650 2133 subducamus
672 2073 832 2132 summam!
875 2072 994 2130 Interim
1012 2091 1082 2131 cunr
1103 2092 1161 2150 ego

215 2169 245 2226 in
273 2171 367 2230 edicto
395 2172 533 2232 tralaticio
558 2173 730 2231 contesimas
754 2191 801 2230 me
826 2173 1042 2230 observaturum
1066 2171 1163 2230 habe-

215 2285 277 2326 rem
308 2288 376 2327 cum
406 2271 586 2329 anatocismo
617 2270 818 2340 anniversario,
847 2269 893 2326 ille
925 2287 961 2326 ex
992 2271 1163 2346 syngrapha

216 2368 380 2441 postulabat
404 2379 566 2446 quaternas.
610 2369 706 2440 ‘Quid
730 2368 805 2426 aisl’
836 2368 956 2443 inquam
980 2369 1161 2442 ‘possumne

217 2475 318 2524 contra
338 2485 436 2525 meum
457 2466 616 2526 edictum?'
647 2466 685 2524 At
706 2465 752 2524 ille
773 2464 881 2542 profert
904 2473 1020 2524 senatus
1042 2468 1162 2526 consul-

216 2571 278 2620 tum
306 2562 429 2622 Lentulo
457 2564 648 2641 Philippoque
677 2564 852 2635 consulibus,
877 2581 915 2621 vu
943 2581 992 2630 er
1020 2561 1163 2624 Cnrcrnu

218 2679 381 2720 utrumnum
402 2681 445 2721 1vs
465 2682 503 2721 ux
524 2681 591 2720 nnn
611 2679 778 2721 smenmun
799 2679 930 2720 orcanae.
976 2679 1020 2718 ra.
1045 2659 1164 2722 Cohor-

217 2759 261 2816 mi
285 2759 396 2835 prim03
429 2761 534 2818 etenim
559 2769 618 2819 erat
642 2760 773 2818 interitus
796 2759 933 2819 civitatis:
962 2759 1074 2835 reperio
1103 2761 1164 2821 duo

219 2866 335 2915 senatus
350 2858 481 2946 consulta
500 2859 593 2917 isdem
613 2859 779 2917 consulibus
799 2857 835 2916 de
854 2857 957 2915 eadem
976 2859 1146 2944 syngrapha
1156 2882 1163 2932 ;

221 2955 366 3014 Salaminii
388 2975 454 3014 cum
476 2955 589 3014 Romae
609 2973 756 3015 versuram
776 2954 870 3013 facere
892 2954 1003 3024 vellent,
1023 2973 1086 3013 non
1109 2976 1164 3034 po-

220 3063 322 3122 terant,
343 3056 423 3131 quod
443 3057 490 3114 lex
511 3055 636 3116 Gabinia
655 3056 776 3114 vetebat.
820 3053 899 3112 Tum
920 3053 954 3112 iis
975 3053 1056 3112 Bruti
1076 3054 1165 3115 fami·

219 3154 311 3223 liares,
333 3153 395 3212 freti
416 3155 507 3229 gratia
530 3153 619 3225 Bruti,
642 3153 709 3212 dare
730 3152 864 3211 volebant
885 3151 1039 3228 quaternis,
1061 3153 1085 3211 si
1110 3156 1165 3213 sibi

221 3262 336 3311 senatus
365 3253 497 3312 consulto
526 3262 679 3312 caveretur.
729 3250 775 3308 Fit
809 3251 900 3326 gratia
932 3248 1013 3308 Bruti
1043 3263 1165 3312 senatus

220 3350 391 3423 consultum,
417 3369 455 3408 vr
479 3369 554 3410 uuvn
580 3349 747 3408 Summum
775 3367 850 3408 uuvu
878 3366 927 3415 ov1
954 3366 997 3406 urs
1025 3365 1165 3409 nuntssar

219 3467 328 3512 uuuvur
345 3464 446 3508 ussus:
467 3446 620 3522 pecuniam
641 3453 834 3504 numeramnt.
877 3439 941 3528 [Et]
963 3453 1068 3521 postea
1085 3449 1166 3514 veuit
