2432 3844
93 216 156 276 rep.
175 200 215 283 9.]
343 203 461 265 aaran
478 213 528 263 an
549 213 715 264 araretur
731 217 771 266 rr.
799 221 825 268 r.
936 255 939 260 .
1013 220 1054 286 23

94 372 247 443 modum,
262 371 342 447 quod
360 372 392 429 in
412 371 453 431 eis
473 373 661 443 orationibus,
676 391 751 450 quae
768 371 945 452 Philippicae
959 373 1053 432 nomi·

94 479 227 542 uantur,
242 471 383 528 enituerat
396 471 464 530 civis
478 471 524 530 ille
538 481 603 532 tuus
619 467 868 552 [Demosthenes],
881 481 909 530 et
923 473 1004 549 quod
1022 490 1053 532 se

97 568 223 628 abhoc
237 567 432 631 refractariolo
445 568 569 627 iudiciali
583 568 697 628 dicendi
711 587 817 645 genere
831 570 1008 640 abiunxerat,
1022 578 1054 628 ut

98 671 268 740 σεμνότερότ
290 689 330 724 τις
352 675 382 724 et
404 670 597 740 πολιτικώτερος
619 667 768 738 videretur,
793 685 893 726 curare
915 677 948 726 ut
970 686 1054 727 meae
1129 676 1134 698 ¹

98 782 231 842 quoque
250 773 347 822 essent
365 765 520 836 orationes,
539 782 614 840 quae
633 765 799 825 consulares
819 765 1052 838 nominarentur3

99 881 236 940 quarum
249 880 308 920 una
324 872 368 920 est
384 863 415 920 in
432 872 534 921 senatu
548 863 614 921 Kal.
634 862 782 934 Ianuariis,
798 863 885 921 altera
903 863 941 922 ad
957 881 1052 940 popu·

97 963 172 1020 lum
186 961 223 1020 de
240 961 304 1036 lege
319 961 439 1036 agraria,
453 962 535 1019 tertia
549 961 585 1020 de
600 960 726 1033 Othone,
740 971 842 1037 quarta
855 978 909 1037 pro
924 959 1052 1033 Rabirio,

100 1061 212 1138 quinta
232 1058 268 1118 de
289 1059 516 1135 proscriptorum
536 1057 609 1131 liliis,
629 1069 718 1130 sexta,
738 1077 805 1118 cum
823 1058 1001 1136 provinciam
1021 1058 1052 1118 in

102 1157 582 1234 contionedeposui,septima,qua
591 1157 744 1216 Catilinam
753 1159 1051 1234 emisi‚octava,quam

100 1256 200 1314 habui
219 1256 257 1314 ad
273 1255 414 1331 populum
432 1255 569 1331 postridie
584 1275 672 1332 quam
687 1257 809 1317 Catilina
823 1258 957 1334 profugit,
972 1273 1051 1315 nona

100 1356 140 1412 in
161 1354 307 1427 contione,
322 1372 382 1430 quo
403 1353 449 1412 die
470 1354 643 1432 Allobroges
663 1358 867 1428 †invocarunt,
888 1356 1001 1415 decima
1020 1354 1051 1414 in

103 1461 222 1523 senatu,
236 1451 331 1512 Nonis
345 1453 563 1514 Decembribus.
608 1454 681 1513 Sunt
690 1462 838 1530 praeterea
852 1454 926 1513 duae
940 1455 1050 1524 breves,

102 1551 193 1628 quasi
203 1551 404 1624 ὀτοττατμάτια
412 1552 484 1629 legis
498 1554 634 1629 agrariae.
670 1551 740 1612 Hoc
751 1563 845 1612 toturn
855 1561 930 1625 σῶμα
941 1553 1048 1612 curabo

103 1659 141 1708 ut
154 1649 282 1721 habeas3
303 1658 333 1708 et
346 1651 485 1725 quoniam
503 1660 531 1709 te
546 1669 613 1709 cum
631 1652 745 1728 scripta,
759 1660 822 1709 tum
838 1670 884 1710 res
902 1669 985 1709 meae
1000 1651 1049 1708 de·

103 1749 225 1818 lectant,
239 1747 332 1806 isdem
346 1765 383 1806 ex
397 1748 474 1806 libris
488 1750 644 1826 perspicies
658 1759 686 1808 et
701 1767 774 1827 quae
785 1750 924 1826 gesserim
934 1759 962 1815 ct
973 1766 1048 1825 quae

104 1845 246 1905 dixerim:
268 1855 317 1903 aut
331 1864 368 1903 ne
382 1847 568 1922 poposcisses
582 1867 590 1920 3
606 1850 751 1924 egoenim
765 1849 817 1907 tibi
830 1866 948 1906 menon
963 1847 1049 1905 offer-

102 1945 202 2004 ebam,
224 1962 252 2014 4.
262 1942 352 2014 Quod
363 1945 485 2020 quaeris,
495 1944 565 2020 quid
576 1946 612 2004 sit
623 1947 705 2021 quod
715 1955 743 2005 te
756 1950 908 2016 arcessam,
918 1965 952 2006 ac
963 1944 1048 2004 simul

100 2041 276 2118 impeditum
290 2051 318 2099 te
332 2043 456 2117 negotiis
469 2061 534 2101 esse
548 2044 701 2119 significas,
719 2063 814 2121 neque
831 2062 946 2103 recusas
968 2043 1047 2119 quin,

102 2159 170 2199 non
177 2141 268 2199 modo
279 2142 303 2198 si
312 2158 387 2216 opus
396 2141 440 2211 sit,
451 2141 597 2200 sedetiam
609 2143 634 2200 si
643 2142 737 2212 velim,
746 2159 887 2212 accurras,
897 2140 966 2198 nihil
977 2157 1047 2198 sane

101 2251 149 2299 est
163 2257 283 2298 necesse
290 2259 298 2313 ;
313 2259 412 2298 verum
425 2251 523 2300 tamen
536 2240 669 2299 videbare
679 2242 749 2298 mihi
758 2250 891 2316 tempora
900 2237 1047 2314 peregrin-

103 2337 210 2396 ationis
223 2339 407 2397 commodius
427 2357 515 2415 posse
530 2338 698 2398 discribere:
720 2339 805 2396 nimis
815 2337 886 2395 abes
897 2336 954 2401 diu,
963 2354 1045 2411 prae·

103 2437 203 2494 sertim
217 2453 284 2494 curn
298 2436 337 2494 sis
351 2436 381 2494 in
391 2437 561 2513 propinquis
574 2436 652 2508 locis,
668 2455 763 2512 neque
777 2453 832 2494 nos
846 2444 873 2493 te
883 2434 1003 2493 fruimur
1016 2443 1045 2492 et

103 2545 137 2592 tu
151 2534 236 2592 nobis
250 2552 338 2592 cares.
372 2535 417 2593 Ac
432 2553 510 2593 nunc
525 2536 641 2612 quidem
656 2535 748 2594 otium
762 2543 813 2604 est,
835 2532 896 2605 sed,
911 2534 935 2592 si
955 2533 1043 2610 paulo

103 2633 170 2711 plus
190 2631 269 2690 furor
289 2631 426 2690 Pulchelli
446 2634 581 2708 progredi
608 2642 714 2710 posset,
739 2633 823 2691 valde
847 2651 903 2709 ego
923 2641 953 2691 te
966 2632 1044 2690 istim

103 2731 267 2790 excitarem.
301 2730 411 2789 Verum
421 2731 565 2806 praeclare
577 2731 711 2790 Metellus
721 2731 840 2808 impedit
854 2741 882 2790 et
896 2730 1042 2806 impediet.

103 2827 185 2902 Quid
199 2828 332 2904 quaeris?
353 2837 397 2887 est
412 2829 514 2887 consul
527 2833 682 2903 φιλόπατρις
695 2840 731 2900 et,
742 2840 774 2888 ut
788 2847 902 2906 semper
912 2829 1042 2898 iudicavi,

104 2937 206 2986 nahua
231 2927 336 2984 bonus.
380 2940 407 3000 5.
435 2925 487 2985 Ille
514 2937 611 2986 autem
638 2946 699 2986 non
727 2929 848 2998 simulat,
877 2928 929 2986 sed
957 2927 1043 3004 plane

102 3025 233 3085 tribunus
246 3025 285 3100 pl.
300 3025 361 3082 fieri
375 3026 454 3102 cupit
461 3045 469 3098 ;
491 3044 548 3102 qua
565 3027 638 3083 dere
657 3045 724 3085 cum
739 3027 769 3084 in
784 3036 885 3086 senatu
901 3035 1043 3101 ageretur,

102 3124 175 3200 fregi
208 3123 358 3194 hominem
392 3132 421 3181 et
448 3123 671 3182 inconstantiam
699 3124 760 3182 eius
786 3121 966 3199 reprehendi,
991 3123 1041 3198 qui

74 3281 77 3288 ,
103 3223 216 3280 Romae
233 3220 408 3279 tribunatum
426 3221 464 3296 pl.
485 3229 603 3296 peteret,
619 3239 685 3278 cum
704 3221 735 3278 in
755 3221 849 3279 Sicilia
867 3221 1041 3279 aedilitatem

103 3337 133 3378 se
147 3328 244 3395 petere
257 3318 422 3388 dictitasset,
441 3336 537 3393 neque
557 3334 666 3392 magno
688 3334 775 3392 opere
796 3318 856 3375 dixi
869 3335 933 3376 esse
954 3316 1040 3374 nobis

101 3415 300 3488 laborandum,
314 3416 395 3492 quod
416 3414 505 3474 nihilo
519 3417 612 3492 magis
627 3416 655 3474 ei
667 3415 809 3476 liciturum
829 3426 905 3475 esset
925 3414 1038 3491 plebeio
