2452 3842
57 248 96 309 ap.
112 233 159 318 91.]
247 247 360 294 seror.
383 244 432 294 AD
453 217 677 296 enutriamus
700 242 748 296 vr.
770 235 801 298 6.
935 247 993 318 197

56 397 153 472 quibus
173 397 219 454 ille
241 398 265 455 si
285 397 436 473 paruisset,
451 408 527 457 esset
547 395 594 457 hic
615 399 734 476 quidem
755 398 849 457 clarus
870 398 901 456 in
925 409 995 474 toga

54 505 84 553 et
103 497 241 572 princeps,
263 496 316 554 sed
336 506 430 556 tantas
452 515 531 572 opes,
554 507 677 573 quantas
706 513 784 555 nunc
812 497 908 568 habet,
933 515 1014 576 nonn

51 591 181 652 haberet:
203 595 333 652 eundum
352 597 382 653 in
402 595 576 672 Hispaniam
591 597 691 655 censui
701 615 710 669 ς
732 597 813 672 quod
830 597 854 654 si
869 597 994 666 fecisset,

53 693 130 750 civile
151 693 259 751 bellum
281 693 392 752 nullum
416 695 538 753 omnino
562 695 671 754 fuisset.
715 695 872 753 Rationem
895 695 994 754 haberi

51 791 174 849 absentis
196 809 258 849 non
278 801 338 848 tam
358 793 486 868 pugnavi
506 803 538 851 ut
558 793 665 864 liceret,
686 811 774 870 quam
794 802 834 863 ut,
855 793 994 869 quoniam

51 890 117 964 ipso
130 889 247 946 consule
261 899 411 964 pugnante
425 891 551 965 populus
566 891 694 962 iusserat,
705 891 864 949 haberetur.
897 890 994 949 Causa

50 998 115 1046 orta
134 989 199 1046 belli
220 998 281 1046 est:
307 989 377 1063 quid
398 1007 455 1064 ego
476 991 655 1065 praetermisi
676 999 725 1048 aut
746 990 924 1048 monitorum
945 1000 995 1047 aut

49 1087 246 1162 querelaruml
269 1106 337 1145 cum
348 1087 392 1146 vel
406 1088 616 1163 iniquissimam
630 1103 733 1164 pacem
748 1089 904 1147 iustissimo
918 1087 995 1146 bello

48 1183 229 1244 anteferrem.
267 1186 293 1242 6.
313 1184 399 1243 Victa
413 1194 457 1243 est
471 1187 626 1245 auctoritas
640 1205 715 1256 mea,
727 1203 788 1243 non
802 1195 863 1244 tam
877 1205 894 1244 a
908 1185 995 1243 Pom—

46 1283 227 1360 peio—nam
241 1283 266 1341 is
280 1284 579 1360 movebatur-quam
595 1279 686 1355 abiis,
698 1283 748 1360 qui
762 1283 836 1342 duce
851 1283 995 1361 Pompeio

46 1381 113 1439 freti
132 1390 381 1457 peropportunam
400 1391 428 1439 et
447 1383 534 1439 rebus
553 1381 721 1442 domesticis
740 1393 768 1442 et
787 1381 995 1458 cupiditatibus

46 1479 109 1538 suis
128 1479 201 1536 illius
219 1479 285 1537 belli
298 1479 447 1536 victoriam
466 1477 528 1538 sore
548 1482 696 1556 putabant.
741 1481 915 1558 Susceptum
936 1480 995 1539 bel·

44 1580 110 1637 lum
128 1587 170 1636 est
191 1577 357 1652 quiescente
377 1597 433 1648 me,
452 1577 605 1654 depulsum
624 1597 660 1637 ex
680 1577 763 1638 Italia
782 1589 922 1638 manente
938 1597 996 1649 me,

44 1677 147 1752 quoad
161 1677 260 1751 potui;
283 1676 335 1734 sed
348 1675 434 1734 valuit
453 1677 532 1752 apud
545 1696 593 1736 me
613 1677 677 1754 plus
695 1679 790 1754 pudor
809 1697 892 1737 meus
907 1696 996 1754 quam

42 1773 134 1832 timor
141 1791 149 1844 3
174 1773 279 1831 veritus
300 1791 364 1831 sum
389 1773 491 1832 deesse
512 1774 644 1851 Pompeii
665 1777 757 1849 saluti,
782 1795 850 1835 cum
871 1777 918 1836 ille
946 1777 996 1834 ali-

40 1872 168 1949 quando
186 1890 247 1931 non
267 1873 405 1931 defuisset
424 1891 514 1932 meac.
556 1875 659 1952 Itaque
677 1876 723 1935 vel
742 1876 839 1934 officio
857 1876 902 1934 vel
920 1876 997 1934 fama

41 1975 193 2030 bonorum
215 1970 260 2029 vel
285 1972 397 2047 pudore
422 1972 523 2043 victus,
549 1983 580 2031 ut
606 1973 637 2030 in
665 1973 769 2032 sabulis
793 1973 994 2050 Amphiaraus,

40 2070 87 2129 sic
110 2087 168 2145 ego
189 2069 317 2146 prudens
337 2080 366 2128 et
387 2069 482 2129 sciens
504 2071 558 2128 ‘ad
579 2081 692 2147 pestem
711 2081 779 2130 ante
798 2072 900 2130 oculos
917 2073 996 2146 posi-

45 2167 127 2227 tam'
154 2185 219 2226 sum
243 2167 390 2243 profectus
402 2188 411 2240 3
444 2187 503 2245 quo
525 2168 555 2226 in
576 2169 652 2227 bello
673 2169 742 2227 nihil
764 2169 874 2228 adversi
898 2170 1002 2229 accidit

36 2285 107 2325 non
137 2267 323 2343 praedicente
345 2285 401 2325 me.
446 2280 472 2342 7.
494 2267 563 2338 Qua
587 2286 618 2326 re
643 2269 791 2344 quoniam,
816 2278 848 2326 ut
870 2286 995 2343 augures

34 2376 72 2425 et
94 2365 235 2440 astrologi
257 2364 359 2436 solent,
377 2382 433 2440 ego
454 2383 573 2442 quoque
596 2384 687 2442 augur
709 2366 842 2443 publicus
863 2385 899 2425 ex
920 2367 994 2424 meis

35 2462 244 2540 superioribus
272 2463 425 2538 praedictis
458 2463 594 2522 constitui
627 2464 706 2540 apud
734 2474 761 2522 te
795 2465 995 2523 auctoritatem

32 2561 159 2637 augurii
180 2570 208 2618 et
229 2561 413 2619 divinationis
434 2579 526 2626 meae,
547 2561 664 2621 debebit
686 2561 792 2621 habere
814 2562 902 2621 fidem
923 2580 994 2621 nos·

30 2671 83 2718 tra
99 2659 269 2734 praedictio
312 2657 382 2715 Non
402 2658 543 2734 igiturex
563 2659 637 2717 alitis
657 2659 784 2718 involatu
803 2679 857 2719 nec
876 2678 892 2718 c
908 2669 996 2718 cantu

31 2757 163 2816 sinistro
185 2757 302 2827 oscinis,
323 2765 355 2813 ut
380 2756 410 2813 in
434 2767 535 2815 nostra
556 2757 710 2834 disciplina
731 2768 782 2828 est,
804 2777 860 2817 nec
881 2777 917 2816 ex
946 2760 996 2816 tri·

29 2854 139 2932 pudiis
171 2854 318 2928 solistimis
351 2864 400 2912 aut
433 2855 551 2914 soniviis
579 2857 630 2914 tibi
658 2875 792 2933 auguror,
819 2857 872 2915 sed
899 2857 994 2917 habeo

29 2955 93 3012 alia
119 2953 215 3028 signa,
236 2970 311 3029 quae
333 2953 503 3024 observem;
528 2971 603 3028 quae
625 2954 679 3012 etsi
700 2972 761 3012 non
784 2964 851 3014 sunt
872 2957 996 3014 certiora

27 3052 101 3121 illis,
134 3051 234 3108 minus
262 3061 360 3108 tamen
388 3050 497 3108 habent
524 3052 569 3108 vel
597 3053 781 3110 obscuritatis
809 3053 854 3111 vel
883 3054 995 3112 erroris.

27 3156 61 3209 8.
87 3149 242 3208 Notantur
270 3158 366 3206 autem
394 3148 464 3205 mihi
493 3148 530 3206 ad
559 3149 746 3207 divinandum
775 3150 858 3226 signa
887 3151 996 3228 duplici

25 3248 173 3328 quadarn
206 3248 260 3317 via,
290 3265 413 3322 quarum
448 3245 567 3304 alteram
602 3246 679 3304 duco
711 3265 728 3305 e
760 3245 886 3306 Caesare
922 3249 996 3324 ips0,

23 3350 165 3408 alteram
185 3364 202 3404 e
223 3356 390 3421 temporum
412 3345 537 3403 civilium
562 3354 664 3402 natura
685 3354 771 3420 atque
797 3347 917 3404 ratione.
959 3346 996 3404 In

23 3448 172 3508 Caesare
206 3445 279 3503 hacc
315 3454 400 3503 sunt:
436 3443 513 3502 mitis
545 3443 732 3520 clemensque
764 3451 875 3515 natura,
904 3444 996 3520 qualis
