2454 3842
75 283 122 344 sp.
141 266 198 348 μ]
254 279 370 328 error.
392 279 443 328 Aa
463 279 688 327 retentantes
710 279 784 328 xvr.
811 284 858 333 12.
970 283 1030 350 133

77 437 260 514 Accepimus
279 437 477 509 condiciones,
492 437 606 507 sedita,
620 445 653 494 ut
669 445 817 495 removeat
836 423 981 512 praesidia
995 453 1031 495 ex

75 537 112 594 iis
127 536 207 606 locis,
223 553 298 611 quae
314 536 473 610 occupavit,
489 544 520 593 ut
535 535 596 593 sine
610 544 690 593 metu
705 534 742 593 de
755 534 800 592 his
815 535 886 610 ipsis
901 533 1029 594 condici-

79 635 191 692 onibus
207 633 322 692 Romae
337 643 456 692 senatus
470 633 568 692 haberi
583 635 684 710 possit.
728 653 755 705 4.
776 632 812 691 Id
826 632 872 691 ille
887 633 910 691 si
925 631 1032 703 lecerit,

77 750 149 808 spes
168 740 212 790 est
233 732 322 807 pacis,
337 749 399 789 non
412 729 674 807 honestae-leges
692 732 771 791 enim
793 733 1030 809 imponuntur-,

77 830 132 888 sed
158 829 270 906 quidvis
293 839 337 888 est
360 829 464 888 melius
488 848 577 905 quam
605 832 647 891 sic
675 849 740 891 esse
764 840 796 889 ut
824 848 933 889 sumus.
977 826 1029 886 Sin

78 937 181 986 autem
196 927 242 986 ille
263 927 321 986 suis
342 928 562 988 condicionibus
580 939 654 988 stare
674 929 805 1001 noluerit,
820 929 928 987 bellum
946 945 1031 1003 para·

78 1035 143 1084 tum
158 1035 210 1097 est,
226 1026 288 1084 eius
303 1026 383 1084 modi
401 1035 508 1098 tamen,
523 1028 604 1103 quod
625 1029 766 1087 sustinere
786 1027 833 1086 ille
852 1043 914 1086 non
928 1025 1030 1102 possit,

78 1125 250 1201 praesertim
266 1141 334 1184 cum
353 1143 371 1182 a
390 1125 449 1183 suis
468 1125 690 1184 condicionibus
712 1127 775 1202 ipse
790 1126 904 1202 fugerit,
919 1134 1031 1184 tantum

79 1223 173 1282 modo
198 1233 229 1281 ut
250 1241 317 1281 eum
338 1223 573 1295 intercludamus
595 1243 633 1284 ne
654 1224 691 1283 ad
712 1225 815 1284 urbem
836 1224 929 1301 possit
949 1239 1031 1281 acce-

80 1323 161 1394 dere,
175 1322 255 1397 quod
270 1324 459 1398 sperabamus
474 1323 536 1381 fieri
551 1341 655 1400 posse;
677 1324 799 1384 dilectus
813 1324 891 1382 enim
905 1339 1031 1398 magnos

79 1421 262 1480 habebamus
276 1422 510 1498 putabamusque
525 1422 605 1480 illum
620 1432 756 1489 metuere,
773 1424 797 1482 si
817 1423 855 1481 ad
873 1423 976 1480 urbem
991 1420 1032 1478 ire

79 1520 235 1594 coepisset,
256 1537 293 1577 ne
315 1517 424 1578 Gallias
446 1519 597 1591 amitteret,
613 1539 686 1597 quas
708 1522 811 1580 ambas
831 1519 919 1580 habet
938 1520 1032 1578 inimi-

80 1616 214 1675 cissimas
247 1627 360 1693 praeter
392 1617 631 1693 Transpadanos,
667 1635 704 1676 en
740 1618 944 1695 Hispaniaque
980 1635 1031 1676 sex

79 1715 214 1790 legiones
242 1725 271 1773 et
298 1733 406 1792 magna
434 1717 540 1774 auxilia
564 1715 686 1776 Afranio
715 1727 744 1776 et
765 1717 880 1776 Petreio
909 1717 1031 1776 ducibus

78 1814 208 1872 habeta
229 1823 327 1889 tergo:
349 1815 468 1886 videtur,
485 1815 508 1874 si
529 1815 661 1888 insaniet,
676 1835 764 1894 posse
786 1816 922 1894 opprimi,
940 1815 1031 1875 modo

79 1923 115 1972 ut
127 1913 198 1970 urbe
214 1913 298 1972 salva.
333 1913 504 1978 ,Maximam
519 1924 616 1972 autem
630 1916 748 1992 plagam
766 1917 887 1991 accepit,
903 1915 984 1992 quod
997 1915 1030 1984 is,

79 2012 133 2089 qui
155 2029 300 2070 summam
321 2013 521 2071 auctoritatem
542 2013 573 2072 in
593 2014 668 2072 illius
689 2015 816 2073 exercitu
836 2013 972 2082 habebat,
994 2010 1030 2069 T.

79 2109 238 2180 Labienus,
254 2109 349 2169 socius
364 2109 478 2169 sceleris
493 2129 558 2170 esse
577 2112 689 2170 noluit:
711 2113 825 2188 reliquit
846 2110 926 2168 illum
945 2119 974 2168 et
994 2117 1034 2166 est

77 2207 245 2280 nobiscum,
260 2193 400 2284 multique
420 2208 499 2266 idem
521 2209 623 2268 facturi
644 2221 709 2269 esse
729 2211 872 2269 dicuntur.
916 2222 942 2281 5.
964 2206 1031 2282 Ego

79 2305 179 2365 adhuc
194 2323 263 2364 orae
276 2306 435 2364 maritimae
449 2324 586 2382 praesum
602 2308 762 2366 aFormiis.
804 2306 924 2364 Nullum
938 2306 1033 2364 maius

79 2403 236 2480 negotium
264 2403 410 2480 suscipere
438 2403 524 2475 volui,
553 2423 613 2481 quo
641 2405 707 2482 plus
735 2404 815 2482 apud
842 2405 922 2462 illum
949 2422 1033 2462 meae

79 2505 195 2563 litterae
216 2499 491 2578 cohortationesque
512 2503 550 2561 ad
575 2522 678 2579 pacem
700 2503 843 2574 valerent3
870 2503 914 2561 sin
935 2510 1033 2561 autem

78 2602 136 2661 erit
150 2599 267 2671 bellum,
281 2600 366 2658 video
380 2619 428 2658 me
443 2600 543 2659 castris
563 2610 591 2659 et
610 2602 695 2661 certis
709 2602 872 2678 legionibus
887 2600 1033 2677 praefutu-

78 2717 156 2760 rum.
206 2695 313 2757 Habeo
342 2698 429 2756 etiam
457 2698 535 2756 illam
570 2699 742 2770 molestiam,
772 2700 853 2776 quod
880 2697 1033 2758 Dolabella

78 2806 184 2858 noster
208 2795 287 2872 apud
310 2794 467 2855 Caesarem
490 2799 541 2854 est.
584 2795 668 2855 Haec
690 2797 743 2855 tibi
765 2806 836 2855 nota
858 2814 925 2854 esse
946 2795 1032 2867 volui,

78 2913 158 2974 quae
182 2912 252 2953 cave
279 2912 316 2951 ne
345 2904 373 2951 te
400 2894 569 2968 perturbent
597 2905 626 2952 et
654 2894 815 2971 impediant
838 2894 1034 2953 valetudinem

76 3007 170 3056 tuam.
213 2993 240 3050 6.
261 2991 327 3069 Ego
342 2990 378 3049 A.
390 2991 522 3062 Varroni,
538 3010 627 3067 quem
643 3010 710 3051 cum
725 2993 960 3052 amantissimum
974 2993 1033 3050 mei

77 3091 216 3169 cognovi,
230 3100 292 3148 tum
308 3089 395 3148 etiam
408 3087 492 3147 valde
513 3089 554 3148 tui
575 3090 746 3160 studiosum,
761 3088 981 3166 diligentissime
1004 3098 1033 3146 te

75 3185 293 3257 commendavi,
315 3196 396 3245 utet
417 3177 587 3245 valetudinis
612 3196 678 3245 tuae
699 3188 843 3246 rationem
863 3187 984 3246 haberet
1005 3195 1034 3246 et

74 3286 273 3364 navigationis
298 3294 327 3343 et
350 3294 444 3343 totum
469 3294 497 3342 te
522 3285 682 3360 susciperet
706 3304 741 3344 ac
769 3295 915 3344 tueretur:
944 3300 1033 3359 quern

75 3386 181 3446 omnia
195 3383 338 3441 facturum
352 3381 471 3440 confido
480 3400 488 3454 ;
510 3383 619 3457 recepit
636 3383 716 3440 enim
736 3391 764 3441 et
781 3400 899 3442 mecum
919 3379 1033 3438 locutus

75 3493 123 3547 est
143 3480 321 3541 suavissime.
364 3480 421 3551 Tu,
444 3479 584 3554 quoniam
607 3497 644 3538 eo
669 3489 802 3557 tempore
826 3496 944 3538 mecum
968 3493 1033 3534 esse
