2436 3836
209 207 269 290 278
478 220 516 270 rr.
542 220 662 269 ruarrr
683 219 873 268 crcnnonrs
1051 205 1158 290 [amr.

207 379 262 437 nisi
289 377 453 454 spoliatum,
478 377 626 449 inermem,
652 377 811 454 fugientem
840 375 979 454 Lepidus
1009 377 1159 452 recepisset

206 476 383 546 Antonium3
405 477 502 552 itaque
516 494 676 552 numquam
691 485 771 534 tanto
791 475 862 533 odio
884 475 1004 532 civitati
1018 475 1158 532 Antonius
1200 471 1204 550 1

207 573 267 643 fuit,
282 584 391 651 quanto
412 585 456 634 est
470 573 614 651 Lepidus:
636 574 681 632 ille
699 573 776 631 enim
795 591 833 631 ex
852 573 1031 631 turbulenta
1047 592 1081 632 re
1097 573 1157 648 pub
1201 587 1204 700 p

206 672 269 743 lica,
298 673 344 732 hic
372 691 408 731 ex
436 691 509 750 pace
538 683 567 732 et
594 672 713 731 victoria
744 670 852 728 bellum
886 672 1044 730 excitavit.
1090 670 1157 726 Huic

206 771 358 847 oppositos
386 771 521 831 consules
549 771 715 847 designatos
740 769 888 839 habemus,
914 770 951 825 in
982 771 1098 846 quibus
1125 778 1158 823 est
1202 767 1204 858 1

207 885 315 943 magna
328 869 375 926 illa
389 869 507 944 quidem
523 887 598 945 spes,
613 869 666 927 sed
680 886 788 944 anceps
808 885 878 925 cura
892 879 1026 944 propter
1041 870 1157 926 incertos
1200 899 1204 1028 p

207 1063 297 1123 Bruto
321 1075 372 1123 tuo
397 1083 461 1123 esse
483 1065 592 1135 omnia,
615 1083 667 1124 vos
691 1065 860 1141 exspectari,
886 1063 1023 1122 Brutum
1050 1062 1159 1140 quiden
1202 1057 1204 1150 l

207 1163 264 1219 iam
286 1163 408 1240 iamque.
453 1163 544 1235 Quod
563 1165 596 1235 si,
617 1173 648 1222 ut
670 1181 763 1240 spero,
784 1162 866 1221 victis
890 1161 1038 1221 hostibus
1066 1159 1159 1220 nosm's
1202 1197 1204 1282 p

207 1261 348 1331 veneritis
364 1272 462 1320 tamen
480 1263 647 1321 auctoritate
661 1271 755 1320 vestra
773 1261 952 1336 respublica
973 1271 1122 1336 exsurget
1139 1271 1158 1314 et

208 1358 238 1416 in
259 1359 356 1435 aliquo
378 1371 453 1420 statu
474 1361 613 1420 tolerabili
634 1362 787 1430 consistet;
814 1369 880 1417 sunt
902 1359 987 1417 enirn
1011 1359 1158 1436 permulta
1202 1359 1204 1452 l

206 1457 313 1535 quibus
337 1459 389 1517 erit
412 1459 599 1530 medendum,
623 1460 708 1518 etiam
733 1459 757 1516 si
781 1475 828 1515 res
852 1457 976 1533 publica
1002 1460 1081 1517 satis
1106 1475 1158 1514 esse
1203 1503 1204 1506 η

208 1556 348 1614 videbitur
362 1558 517 1616 sceleribus
532 1558 660 1616 hostiurn
675 1558 800 1615 liberata.
842 1555 925 1614 Vale.

399 1710 464 1766 148.
507 1706 566 1765 AD
587 1705 838 1766 FAMILIARES
860 1705 896 1763 X.
915 1724 961 1777 24.

317 1819 382 1881 Ser.
398 1842 428 1881 nr
448 1841 563 1883 cusrrts
583 1842 610 1881 v.
626 1822 702 1882 Kar„
719 1822 860 1880 Snxrrnas
875 1841 956 1882 auc.
977 1835 1052 1896 711.

369 1947 495 1988 eunucus
516 1947 575 1988 ure.
589 1948 648 1988 cos.
663 1948 753 1988 nasis.
768 1946 790 1986 s.
805 1947 834 1986 n.
849 1945 997 1986 crcsnour.

254 2061 278 2099 1.
299 2041 416 2102 Ficana
434 2061 496 2102 non
514 2063 643 2120 possum,
658 2045 729 2121 quin
748 2044 777 2100 in
792 2043 919 2119 singulas
933 2060 981 2100 res
997 2045 1158 2120 meritaque

210 2149 258 2197 tua
273 2141 323 2198 tibi
338 2142 444 2216 gratias
458 2160 553 2218 agam,
569 2143 620 2201 sed
639 2142 818 2202 mehercules
838 2141 912 2200 facio
933 2159 1005 2199 cum
1026 2143 1157 2217 pudore,

209 2256 304 2313 neque
329 2240 406 2297 enim
428 2249 507 2299 tanta
527 2241 719 2311 necessitudo,
741 2249 880 2317 quantam
904 2251 935 2297 tu
961 2239 1036 2297 mihi
1062 2252 1155 2300 tecum

210 2354 273 2394 esse
289 2336 409 2406 voluisti,
422 2337 584 2397 desiderare
599 2339 709 2398 videtur
723 2339 879 2414 gratiarum
893 2339 1051 2410 actionem,
1063 2357 1155 2415 neque

210 2453 266 2510 ego
285 2435 405 2494 libenter
422 2454 475 2511 pro
494 2437 628 2496 maximis
648 2438 703 2496 tuis
722 2437 869 2496 beneficiis
889 2447 947 2494 tam
967 2436 1016 2493 vili
1037 2453 1154 2494 munere

210 2533 355 2609 defungor
375 2533 522 2607 orationis,
542 2544 571 2593 et
591 2535 669 2594 malo
689 2553 827 2610 praesens
848 2535 1043 2605 observantia,
1064 2535 1153 2594 indul·
1200 2551 1201 2614 ξ

210 2633 316 2707 gentia,
337 2633 507 2692 adsiduitate
527 2651 688 2692 memorem
706 2652 755 2692 me
774 2634 824 2692 tibi
843 2634 976 2708 probare.
1021 2633 1114 2705 Quod
1132 2635 1153 2692 si
1200 2617 1201 2670 l

211 2729 281 2786 mihi
298 2733 355 2788 vita
376 2732 537 2806 eontigerit,
557 2749 661 2789 omnes
681 2741 777 2807 gratas
799 2731 936 2789 amicitias
958 2741 1049 2806 atque
1069 2735 1151 2790 etiam

211 2827 274 2902 pias
295 2830 523 2905 propinquitates
538 2831 558 2900 †
573 2829 602 2887 in
623 2839 672 2887 tua
693 2830 883 2900 observantia,
898 2828 1090 2904 indulgentia,
1106 2832 1151 2890 ad·

212 2924 343 2983 siduitate
365 2928 495 2999 vincam;
525 2945 607 2986 amor
631 2928 708 2985 enim
734 2938 800 2986 tuus
825 2945 858 2985 ae
883 2926 1021 2984 iudicium
1046 2928 1084 2986 de
1108 2948 1150 2987 me

212 3034 307 3082 utrum
331 3026 402 3082 mihi
426 3026 492 3100 plus
517 3025 662 3102 dignitatis
687 3026 717 3083 in
741 3035 914 3102 perpetuum
938 3043 975 3083 an
1000 3027 1149 3102 voluptatis

212 3121 340 3198 quotidie
356 3123 392 3180 sit
407 3123 561 3194 adlaturus,
576 3142 637 3182 non
652 3123 734 3193 ¹facile
749 3123 879 3182 dixerim.
924 3141 949 3180 a.
970 3122 1018 3181 De
1033 3127 1148 3184 militum

212 3220 375 3280 commodis
390 3220 441 3279 luit
460 3223 511 3280 tibi
530 3241 615 3281 curae
625 3241 633 3294 ;
656 3240 731 3297 quos
748 3240 805 3297 ego
826 3239 886 3280 non
905 3223 1055 3296 potentiae
1073 3242 1148 3282 meae
1197 3163 1199 3276 l

212 3317 410 3377 causa—nihil
438 3319 516 3375 enim
543 3338 591 3377 me
620 3337 681 3376 non
709 3319 869 3377 salutariter
896 3319 1025 3393 cogitare
1055 3321 1147 3379 scio-

361 3412 399 3467 'ui
414 3430 431 3468 a
446 3423 555 3482 senatu,
572 3414 624 3471 sed
638 3415 771 3488 primum,
787 3414 868 3490 quod
887 3417 926 3473 ita
945 3418 1065 3476 meritos
1083 3418 1145 3476 iudi·
