2432 3844
228 237 268 306 32
459 265 461 270 .
495 229 533 280 Μ,
560 229 677 278 resurr
699 230 887 278 crcrnorvm
1067 215 1141 302 [Pars
1158 232 1175 278 1.

227 390 359 466 Capuam
374 388 411 447 ad
426 388 598 465 Pompeium
618 388 714 447 volare
734 388 910 447 dicebantur.
953 386 1070 446 Inimici
1090 398 1172 447 erant

228 489 379 565 equitibus
395 488 444 564 qui
455 487 574 547 Curioni
589 497 696 546 stantes
711 487 886 563 plauserant,
901 485 998 544 hostes
1014 487 1156 544 omnibus
1163 507 1171 558 ;

228 587 353 645 Rosciae
369 586 435 662 legi,
453 587 539 644 etiam
558 584 770 656 frumentariae,
788 585 1007 642 minitabantur:
1031 603 1105 642 sane
1128 602 1171 642 res

228 696 288 746 erat
308 687 480 762 perturbata.
521 684 665 761 Equidem
686 683 851 753 malueram,
869 683 949 758 quod
970 691 1030 740 erat
1051 701 1169 758 suscep-

227 793 288 842 tum
310 785 346 842 ab
367 784 430 854 illis,
452 783 566 841 silentio
587 783 707 852 transiri,
734 782 786 840 sed
805 799 904 839 vereor
926 799 963 839 ne
984 798 1045 838 non
1067 781 1168 840 liceat:

227 901 288 941 non
309 882 403 941 ierunt
424 882 567 952 homines,
584 881 665 956 quod
681 880 791 938 videtur
808 898 872 938 esse
889 889 987 937 tamen
1006 878 1166 938 ferendum.

228 981 285 1040 Sed
306 989 350 1040 est
370 981 428 1038 iam
444 998 503 1037 una
519 997 577 1038 vox
596 979 735 1050 omnium,
749 977 842 1053 magis
863 978 932 1036 odio
950 979 1062 1036 firmata
1081 995 1166 1054 quarn

225 1079 377 1156 praesidio.
435 1096 463 1150 4.
491 1077 598 1136 Noster
629 1085 725 1134 autem
760 1077 877 1135 Publius
910 1077 981 1133 mihi
1011 1077 1164 1145 minitatur,

225 1177 358 1234 inimicus
380 1186 440 1247 est;
469 1175 618 1250 impendet
638 1175 797 1250 negotium,
825 1175 864 1232 ad
891 1174 971 1250 quod
998 1183 1030 1232 tu
1057 1175 1165 1233 scilicet

226 1275 381 1333 advolabis.
426 1273 537 1331 Videor
550 1273 620 1330 mihi
640 1281 771 1331 nostrum
788 1272 868 1331 illum
885 1272 1071 1331 consularem
1086 1291 1163 1331 exer·

227 1373 315 1431 citum
336 1373 481 1430 bonorum
502 1372 641 1437 omnium,
671 1373 757 1430 etiam
785 1373 853 1430 satis
880 1372 1034 1441 bonorum,
1059 1372 1161 1430 habere

226 1471 430 1530 firmissimum.
473 1469 630 1545 Pompeius
648 1469 789 1544 significat
807 1470 933 1528 studium
951 1487 1019 1544 erga
1038 1487 1088 1527 me
1107 1487 1160 1527 non

227 1568 373 1626 mediocre
384 1589 392 1640 3
414 1569 491 1626 idem
511 1569 643 1626 adfirmat
663 1569 782 1626 verbum
804 1568 840 1626 de
857 1586 904 1626 me
923 1555 1002 1626 illum
1022 1586 1084 1626 non
1104 1585 1160 1626 esse

226 1665 368 1724 facturum
380 1685 388 1739 3
410 1667 441 1725 in
469 1685 528 1742 quo
557 1685 619 1724 non
644 1685 691 1724 me
715 1666 761 1726 ille
785 1665 863 1738 fallit,
889 1668 941 1726 sed
964 1667 1027 1742 ipse
1050 1667 1159 1725 fallitur.

226 1763 375 1824 Cosconio
396 1775 511 1823 mortuo
537 1783 601 1823 sum
622 1765 652 1822 in
671 1765 732 1823 eius
757 1765 854 1823 locum
876 1765 1029 1824 invitatus:
1051 1766 1082 1824 id
1107 1773 1160 1824 erat

226 1865 320 1921 vocari
336 1864 366 1921 in
385 1863 482 1922 locum
504 1864 610 1921 mortui
620 1882 628 1935 ;
650 1863 720 1921 nihil
736 1882 784 1921 me
802 1863 912 1939 turpius
933 1863 1011 1939 apud
1030 1863 1159 1923 homines

225 1959 334 2032 fuisset,
356 1978 450 2037 neque
471 1978 538 2018 vero
558 1960 595 2017 ad
614 1961 698 2018 istam
724 1961 818 2036 ipsam
841 1963 988 2034 ἀσφάλειαν
1009 1962 1159 2038 quicquam

226 2059 345 2117 alienius
356 2079 364 2132 ;
387 2067 454 2118 sunt
474 2059 551 2116 enim
572 2057 612 2116 illi
631 2058 709 2134 apud
734 2060 829 2118 bonos
851 2058 991 2130 invidiosi,
1013 2077 1070 2134 ego
1088 2057 1159 2135 apud

225 2158 376 2234 improbos
396 2175 492 2215 meam
513 2156 694 2216 retinuissem
717 2157 862 2227 invidiam,
884 2157 1006 2216 alienam
1027 2158 1158 2233 adsump-

225 2257 337 2316 sissem.
381 2269 407 2330 5.
430 2255 597 2316 Caesarine
612 2255 665 2314 sibi
678 2255 737 2314 volt
752 2273 815 2314 esse
829 2255 964 2331 legatum.
1006 2255 1160 2315 Honestior

226 2355 378 2414 declinatio
410 2354 482 2414 haec
514 2353 648 2430 periculi;
687 2354 739 2412 sed
766 2372 822 2430 ego
853 2354 909 2412 hoc
942 2372 1003 2412 non
1034 2355 1157 2431 repudio.

227 2451 307 2524 Quid
341 2471 411 2528 ergo
443 2454 508 2512 est?
545 2452 680 2527 Pugnare
710 2451 798 2511 malo.
840 2452 920 2510 Nihil
954 2461 1051 2512 tamen
1086 2453 1157 2511 certi.

227 2550 335 2609 Iterum
353 2552 428 2620 dico,
447 2551 557 2608 utinam
575 2551 711 2609 adessesl
734 2551 785 2609 sed
799 2560 904 2622 tamen,
925 2552 950 2608 si
966 2552 1018 2610 erit
1037 2568 1157 2620 necesse,

227 2666 414 2707 arcessemus.
443 2647 523 2720 Quid
537 2648 634 2706 aliud?
649 2648 738 2724 quid?
767 2649 836 2708 Hoc
851 2650 969 2725 opinor:
985 2650 1054 2707 certi
1065 2666 1158 2708 sumus

227 2748 334 2824 perisse
355 2747 471 2820 omnia;
493 2747 563 2823 quid
584 2747 662 2805 enim
682 2749 831 2820 ἄκκιζόμεθα
851 2757 911 2806 tam
930 2748 1001 2807 diu?
1023 2747 1075 2806 sed
1092 2747 1158 2806 haec

227 2847 327 2922 scripsi
351 2863 509 2921 properans
534 2856 562 2904 et
586 2845 749 2905 mehercule
774 2847 880 2906 timide.
927 2846 1052 2905 Posthac
1075 2847 1112 2905 ad
1133 2856 1158 2904 te

227 2953 283 3016 aut,
299 2944 323 3002 si
337 2944 503 3020 perfidelem
524 2943 647 3016 habebo,
663 2945 709 3004 cui
727 2945 802 3017 dem,
820 2945 943 3004 scribam
957 2945 1043 3022 plane
1057 2945 1157 3014 omnia,

226 3052 282 3115 aut,
314 3043 338 3101 si
365 3044 487 3101 obscure
515 3043 647 3116 scribam,
675 3053 707 3102 tu
737 3055 834 3103 tamen
862 3043 1018 3119 intelleges
1067 3043 1102 3101 In
1127 3043 1157 3101 iis

226 3141 354 3218 epistolis
378 3159 426 3200 me
451 3141 589 3214 Laelium,
614 3152 643 3200 te
666 3142 785 3201 Furium
808 3142 930 3214 laciam;
963 3150 1058 3200 cetera
1081 3150 1157 3200 eruut

227 3241 253 3306 ἐν
276 3242 406 3316 αἰνιγμοῖς.
448 3239 507 3298 Hic
532 3239 689 3300 Caecilium
704 3241 826 3299 colimus
847 3251 876 3300 et
895 3242 1082 3300 observamus
1100 3240 1155 3298 dili·

226 3349 336 3415 genter.
387 3337 490 3398 Edicta
517 3339 611 3398 Bibuli
640 3338 727 3397 audio
756 3338 793 3397 ad
820 3349 848 3399 te
876 3339 982 3399 missa:
1017 3339 1052 3398 iis
1083 3337 1155 3398 ardet

225 3438 325 3498 dolore
347 3447 376 3497 et
395 3438 437 3498 ira
457 3446 555 3498 noster
576 3435 740 3512 Pompeius.
