2436 3836
20 229 66 288 sp.
84 210 155 294 ηρ]
227 224 342 276 rsrrsr.w
359 223 409 271 an
430 224 653 273 ranrrunus
673 226 707 277 x.
732 230 782 296 3¹·
905 225 967 294 255

19 400 51 454 3.
74 377 236 437 Caesarem
254 395 331 449 vem,
346 377 427 454 quod
446 395 493 436 me
512 378 543 435 in
562 387 642 436 tanta
662 376 777 436 fortuna
793 377 884 436 modo
899 395 969 453 cog·

18 478 119 534 nitum
130 475 387 534 vetustissimorum
397 475 578 534 familiarium
589 476 655 535 loco
669 475 776 545 habuit,
789 475 874 533 dilexi
889 495 968 534 sum·

18 593 73 632 rna
88 593 157 632 cum
174 575 279 650 pietate
295 583 324 632 et
342 574 409 632 fide.
452 573 537 646 Quae
551 593 617 632 mea
631 575 772 632 sententia
786 591 885 648 gerere
899 574 969 632 mihi

18 674 113 742 licuit,
129 673 169 731 ita
182 673 245 743 feci,
259 683 292 732 ut
305 673 433 750 optimus
448 673 569 750 quisque
583 675 709 732 maxime
723 673 851 748 probarit
859 692 867 744 ;
889 674 970 749 quod

19 774 122 830 iussus
137 787 210 842 sum,
225 788 262 828 eo
275 781 406 846 tempore
426 781 511 847 atque
526 773 565 830 ita
583 771 646 842 feci,
661 780 693 830 ut
712 781 862 847 appareret
881 773 969 830 invito

19 871 200 946 imperatum
219 887 292 927 esse.
334 869 424 928 Cuius
444 870 511 928 facti
530 871 716 929 iniustissima
733 870 840 928 invidia
856 871 968 928 erudire

19 987 72 1026 me
98 969 201 1043 potuit,
226 987 314 1044 quam
338 969 465 1027 iucunda
488 969 603 1028 libertas
626 979 655 1028 et
676 986 765 1044 quam
789 970 894 1028 misera
915 970 970 1027 sub

20 1067 226 1124 dominatione
249 1067 305 1124 vita
330 1075 414 1126 esset.
457 1067 510 1139 Ita,
534 1069 558 1126 si
582 1069 613 1126 id
637 1068 738 1143 agium,
762 1076 793 1125 ut
817 1086 915 1126 rursus
940 1069 970 1126 in

20 1173 170 1240 potestate
198 1165 298 1222 omnia
323 1167 410 1224 unius
439 1167 502 1237 sint,
531 1167 707 1244 quicumque
734 1167 759 1224 is
787 1173 839 1236 est,
868 1167 894 1224 ei
921 1185 970 1224 me

21 1264 166 1342 profiteor
186 1263 350 1336 inimicum;
376 1284 430 1324 nec
451 1266 610 1341 periculum
631 1276 674 1324 est
695 1265 793 1334 ullum,
815 1266 895 1342 quod
915 1285 969 1342 pro

21 1363 157 1420 libertate
191 1372 241 1422 aut
273 1361 412 1439 refugiam
447 1374 496 1422 aut
531 1364 677 1440 deprecer.
721 1383 747 1436 4.
771 1362 829 1423 Sed
863 1383 970 1423 consu-

23 1463 68 1520 les
102 1479 196 1538 neque
228 1470 344 1520 senatus
375 1463 506 1521 consulto
539 1481 633 1540 neque
664 1463 763 1521 litteris
795 1463 854 1522 suis
886 1481 971 1539 prae-

23 1569 165 1635 ceperant
198 1559 277 1630 mihi,
306 1559 376 1636 quid
410 1559 552 1633 facerem;
588 1580 662 1620 unas
693 1564 772 1620 enim
802 1573 870 1639 post
901 1563 972 1622 Idus

24 1658 149 1716 Martias
170 1657 288 1716 demum
309 1676 327 1716 a
347 1658 443 1718 Pansa
463 1660 570 1717 litteras
591 1661 699 1735 accepi,
721 1661 751 1718 in
775 1663 880 1737 quibus
903 1662 972 1719 hor-

23 1767 102 1815 tatur
121 1775 177 1827 me‚
195 1767 226 1815 ut
245 1758 356 1814 senatui
377 1758 503 1815 scribam
523 1776 571 1815 me
592 1768 621 1815 et
643 1760 799 1818 exercitum
820 1760 849 1817 in
871 1771 971 1837 potes·

23 1865 84 1914 tate
113 1857 174 1913 eius
205 1855 347 1912 firturum:
383 1855 471 1930 quod,
501 1874 568 1914 cum
599 1855 728 1932 Lepidus
759 1859 971 1920 contionaretur

24 1964 114 2029 atque
141 1954 277 2012 omnibus
309 1955 447 2012 scriberet
478 1973 509 2012 se
539 1958 700 2014 consentire
732 1975 799 2014 cum
830 1956 969 2029 Antonio

24 2054 156 2123 maxime
175 2054 350 2114 contrarium
371 2052 443 2125 fuit3
479 2072 549 2111 nam
569 2055 673 2128 quibus
695 2056 905 2115 commeatibus
927 2058 970 2114 in-

24 2153 86 2210 vito
111 2151 159 2208 illo
183 2169 236 2226 per
259 2151 333 2209 illius
361 2153 539 2226 provinciam
566 2153 697 2228 legiones
722 2153 878 2212 ducerem?
912 2165 970 2227 aut,

26 2253 53 2310 si
78 2260 172 2309 cetera
195 2249 370 2319 transissem,
396 2269 467 2307 num
493 2252 580 2309 etiarn
605 2251 696 2327 Alpes
720 2261 852 2327 poteram
879 2263 971 2312 trans-

25 2350 132 2420 volare,
148 2367 222 2426 quae
241 2349 386 2423 praesidio
406 2349 483 2407 illius
503 2351 658 2408 tenentur?
699 2350 786 2410 Adde
807 2351 873 2422 huc,
891 2352 971 2428 quod

25 2447 144 2526 perferri
171 2448 280 2504 litterae
309 2446 387 2503 nulla
415 2447 587 2506 condicione
620 2458 793 2525 potuerunt;
830 2451 970 2508 sescentis

26 2549 106 2607 enim
124 2546 195 2604 locis
213 2545 401 2615 excutiuntur,
418 2546 522 2604 deinde
544 2548 631 2606 etiam
652 2550 810 2606 retinentur
829 2547 867 2604 ab
883 2547 971 2623 Lepi·

26 2648 68 2706 do
88 2644 231 2702 tabellarii.
275 2656 301 2714 5.
324 2642 399 2701 Illud
419 2663 468 2702 me
490 2645 645 2704 Cordubae
670 2665 724 2722 pro
746 2647 883 2706 contione
908 2647 969 2704 dix·

25 2749 85 2805 isse
106 2762 191 2802 nemo
212 2741 327 2799 vocabit
348 2743 377 2799 in
399 2742 528 2814 dubium,
550 2746 729 2819 provinciam
748 2764 796 2802 me
817 2745 895 2815 nulli,
915 2747 971 2804 nisi

25 2846 77 2922 qui
107 2844 144 2900 ab
176 2851 278 2900 senatu
309 2843 414 2903 missus
447 2844 579 2914 venisset,
615 2843 801 2902 traditurum:
836 2862 905 2904 narn
933 2845 970 2902 de

26 2944 141 3019 legione
159 2941 324 3000 tricensima
342 2942 483 3001 tradenda
502 2952 625 3018 quantas
645 2943 846 3000 contentiones
864 2941 972 3000 habue-

26 3045 82 3102 rim
96 3039 165 3115 quid
178 3056 234 3115 ego
249 3042 394 3099 scribam?
416 3059 474 3116 qua
492 3041 594 3100 tradita
609 3050 717 3117 quanto
736 3058 790 3115 pro
805 3059 836 3098 re
855 3042 971 3116 publica

26 3141 164 3200 infirmior
180 3139 292 3198 futurus
311 3139 422 3212 fuerim,
443 3140 507 3215 quis
526 3139 662 3213 ignorat?
683 3138 737 3196 hac
757 3139 835 3196 enim
854 3139 970 3216 legione

26 3241 87 3300 noli
109 3239 201 3298 acrius
222 3248 271 3297 aut
294 3239 456 3314 pugnacius
481 3238 636 3313 quicquam
660 3246 760 3312 putare
785 3255 858 3295 esse.
902 3236 970 3309 Qua

28 3359 59 3398 re
84 3357 149 3397 eum
170 3357 219 3396 me
244 3339 376 3397 existima
399 3355 471 3407 esse,
493 3337 543 3412 qui
567 3337 691 3410 primum
716 3335 796 3411 pacis
821 3336 969 3411 cupidissi-

28 3456 94 3497 mus
112 3438 312 3496 sim-omnes
332 3438 411 3495 enim
430 3437 506 3495 cives
525 3436 611 3511 plane
633 3434 735 3494 studeo
749 3453 813 3493 esse
828 3435 971 3504 salvos-‚
