2454 3842
57 234 103 294 ap.
120 216 176 300 nt]
279 228 393 276 nprsr.
415 227 653 277 anarrinon
675 229 736 277 νιι.
762 233 811 298 13.
944 230 1003 295 129

59 387 171 463 cogitet
192 387 264 457 scio,
284 405 318 445 ac
338 405 401 444 non
421 386 524 445 desino
543 404 595 462 per
616 385 722 444 litteras
739 384 882 444 sciscitari.
926 382 1006 441 Nihil

59 503 128 544 esse
163 485 290 543 timidius
323 495 445 555 constat,
474 485 545 542 nihil
578 485 784 561 perturbatius;
819 484 916 561 itaque
951 499 1005 538 nec

59 581 249 658 praesidium,
281 583 362 642 cuius
396 583 517 658 parandi
552 600 639 640 causa
671 583 709 640 ad
743 583 844 640 urbem
878 588 1006 638 retentus

60 691 117 752 est,
141 699 196 740 nec
224 681 321 739 locum
350 699 384 740 ac
413 682 514 740 sedem
535 680 671 756 praesidii
698 680 786 738 ullam
808 678 909 738 video:
939 694 1007 753 spes

61 779 163 838 omnis
182 779 212 838 in
231 780 343 839 duabus
360 779 498 838 insidiose
516 780 644 850 retentis
657 798 752 856 paene
771 779 872 837 alienis
887 774 1007 854 legioni-

61 880 129 937 bus.
173 877 251 936 Nam
280 879 400 938 dilectus
428 879 523 937 adhuc
547 879 666 955 quidem
690 879 844 937 invitorum
872 883 966 936 estet
990 890 1008 929 a

61 976 227 1054 pugnando
251 977 483 1049 abhorrentium,
516 979 723 1037 condicionum
740 987 844 1044 ,autem
870 974 1008 1034 amissum

61 1086 184 1152 tempus
206 1085 257 1134 est
300 1076 380 1148 Quid
402 1075 529 1136 lutururn
551 1079 596 1148 sit,
615 1096 676 1137 non
694 1079 779 1137 video
790 1098 798 1150 ;
820 1073 1009 1135 commissum

62 1173 188 1250 quidem
204 1193 221 1232 a
239 1175 324 1234 nobis
344 1185 420 1234 certe
439 1186 483 1234 est
504 1178 562 1236 sive
583 1197 602 1236 a
618 1188 719 1237 nostro
739 1178 821 1246 duce,
836 1183 868 1233 ut
887 1191 903 1230 e
923 1177 1009 1248 portu

63 1273 130 1331 sine
150 1273 351 1348 gubernaculis
371 1275 480 1348 egressi
497 1277 661 1352 tempestati
679 1295 735 1336 nos
753 1276 939 1335 traderemus
982 1287 1009 1342 3·

62 1371 171 1446 Itaque
194 1372 230 1430 de
252 1370 443 1432 Ciceronibus
467 1375 572 1434 nostris
594 1376 696 1435 dubito
721 1374 791 1452 quid
815 1389 919 1450 agam3
941 1384 1010 1426 nam

63 1469 140 1528 mihi
166 1471 310 1528 interdum
344 1471 520 1530 amandandi
547 1473 679 1532 videntur
705 1475 736 1532 in
769 1473 938 1542 Graeciam;
974 1466 1010 1524 de

64 1568 166 1627 Tullia
183 1578 279 1627 autem
293 1579 322 1628 et
336 1567 481 1640 Terentia,
497 1589 563 1628 cum
578 1571 649 1630 mihi
662 1573 852 1642 barbarorum
871 1569 1010 1629 adventus

64 1667 107 1726 ad
121 1668 223 1725 urbem
237 1669 415 1745 proponitur,
431 1669 531 1728 omnia
541 1671 639 1742 timeo,
654 1689 721 1730 cum
735 1682 831 1730 autem
843 1668 1011 1730 Dolabellae

64 1767 191 1824 venitin
205 1776 342 1838 mentem,
357 1767 476 1842 paulum
493 1769 612 1844 respiro·
655 1769 715 1828 Sed
733 1772 818 1830 velim
836 1768 1011 1836 consideres

65 1865 146 1944 quid,
162 1865 327 1950 faciendum
352 1875 453 1943 putes:
482 1868 609 1944 primum
632 1874 697 1941 πρὸς
719 1873 749 1926 τὸ
774 1866 1013 1943 dapalis-aliter

64 1966 150 2026 enim
171 1965 242 2022 mihi
265 1965 301 2022 de
326 1965 436 2024 illisae
461 1966 498 2025 de
521 1985 570 2024 me
591 1967 658 2043 ipso
683 1969 895 2027 consulendum
919 1975 1012 2033 est-,

65 2065 176 2125 deinde
190 2065 228 2123 ad
241 2065 404 2140 opiniones,
419 2082 457 2122 ne
472 2065 725 2140 reprehendamur,
741 2067 821 2143 quod
835 2084 884 2124 eas
898 2064 1013 2122 Romae

64 2165 191 2223 velimus
213 2182 277 2222 esse
302 2165 333 2221 in
357 2163 507 2222 communi
530 2165 676 2222 bonorum
701 2165 779 2240 iuga.
822 2164 901 2236 Quin
925 2162 1013 2220 etiarn

64 2265 122 2326 tibi
149 2273 179 2322 et
206 2262 514 2339 Peducaeo—scripsit
541 2263 618 2322 enirn
651 2264 689 2322 ad
716 2263 875 2339 me—quid
903 2258 1013 2318 faciatis

64 2363 228 2424 videndum
249 2372 308 2432 est;
330 2361 355 2420 is
375 2362 454 2420 enim
476 2362 613 2439 splendor
635 2375 679 2422 est
701 2375 837 2434 vestrum,
858 2370 890 2420 ut
910 2358 1013 2417 eadem

64 2463 254 2544 postulentur
275 2480 294 2518 a
313 2461 405 2532 vobis,
426 2479 501 2537 quae
524 2463 562 2520 ab
586 2464 770 2539 amplissimis
795 2462 912 2522 civibus.
955 2455 1014 2515 Sed

65 2567 108 2624 de
129 2562 187 2621 hoc
207 2571 239 2619 tu
258 2560 378 2629 videbis,
399 2560 507 2636 quippe
529 2578 596 2618 cum
618 2562 654 2620 de
676 2581 723 2620 me
742 2563 807 2638 ipso
828 2580 862 2620 ac
883 2559 920 2618 de
940 2555 1014 2614 meis

65 2675 100 2722 te
114 2660 298 2720 considerare
312 2659 404 2717 velim.
448 2680 474 2730 4.
495 2659 651 2736 Reliquum
669 2669 757 2720 estut
777 2671 805 2720 et
819 2659 889 2737 quid
903 2665 1012 2732 agatur,

65 2759 172 2839 quoad
192 2757 308 2834 poteris,
330 2758 464 2832 explores
485 2759 651 2836 scribasque
675 2759 713 2819 ad
733 2777 789 2830 me,
811 2768 839 2818 et
861 2757 930 2835 quid
951 2756 1013 2830 ipse
1055 2790 1057 2794 -

66 2858 240 2920 coniectura
260 2875 424 2933 assequare,
446 2855 526 2932 quod
546 2857 633 2915 etiarn
654 2877 672 2916 a
692 2867 721 2916 te
741 2858 835 2934 magis
857 2863 1012 2930 exspect03

67 2976 143 3018 nam
171 2965 235 3015 acta
261 2957 398 3015 omnibus
425 2955 623 3013 nuntiantibus
651 2974 668 3013 a
692 2966 720 3013 te
744 2965 883 3032 exspecto
911 2953 1013 3012 futura.

68 3059 172 3114 Μάνης
195 3056 218 3112 δ’
241 3055 395 3130 daturae-2
437 3054 618 3131 Loquacitati
642 3055 787 3129 ignosces,
813 3072 888 3131 quae
912 3062 940 3111 et
967 3069 1016 3110 me

67 3159 148 3216 levat
162 3153 200 3213 ad
213 3163 242 3212 te
256 3153 373 3232 quidem
389 3154 562 3213 scribentem
576 3163 604 3210 et
619 3152 693 3212 elicit
707 3161 771 3210 tuas
784 3151 898 3212 litterae.
