2452 3842
215 161 276 226 180
490 175 530 223 Μ.
553 173 675 224 aaran
696 173 883 223 orcrnonrs
1025 160 1104 243 [rm
1118 173 1158 220 1v.

213 327 372 403 cogitatum
397 335 451 386 est.
493 326 616 399 Quare
640 324 794 384 voluntatis
818 343 866 386 me
887 337 973 383 'meae
998 343 1157 401 numquam

213 426 371 502 paenitebit
378 444 386 498 ;
417 426 527 486 consilii
549 425 684 501 paenitet.
729 425 765 482 In
788 425 900 500 oppido
924 423 1023 499 aliquo
1045 425 1158 482 mallem

213 517 372 594 resedisse,
391 524 489 601 quoad
512 540 687 587 arcesserer:
719 524 815 580 minus
838 523 981 580 sermonis
1006 523 1158 592 subissem,

174 668 178 676 .
216 623 313 681 minus
334 623 513 698 accepissem
535 622 662 694 doloris;
685 622 781 697 ipsum
802 621 859 680 hoc
879 639 928 680 me
949 639 1013 680 non
1034 615 1160 698 angeret.

215 721 360 780 Brundisii
373 721 465 780 iacere
483 721 513 779 in
533 738 637 778 omnes
651 729 747 795 partes
768 729 812 779 est
830 719 996 778 molestum.
1040 720 1161 798 Propius

216 819 362 890 accedere,
373 828 405 876 ut
420 818 533 889 suades,
545 835 604 894 quo
618 817 710 876 modo
726 818 789 875 sine
807 817 965 888 lictoribus
977 837 1056 895 quos
1071 838 1162 897 popu-

216 917 261 976 lus
276 916 363 988 dedit,
372 918 515 994 possum?
537 918 587 992 qui
600 915 672 974 mihi
686 915 826 974 ineolumi
841 916 931 974 adimi
944 934 1007 976 non
1022 929 1164 993 possunt;

217 1034 293 1091 quos
311 1033 368 1090 ego
387 1032 467 1073 nunc
481 1015 627 1091 paulisper
646 1031 715 1073 cum
731 1014 842 1074 bacillis
861 1015 893 1072 in
913 1016 1030 1073 turbam
1051 1017 1165 1075 conieci

218 1113 256 1172 ad
280 1113 422 1190 oppidum
446 1113 597 1182 accedens
623 1131 660 1171 ne
684 1113 749 1190 quis
773 1113 899 1188 impetus
927 1113 1053 1172 militum
1080 1114 1165 1172 fieret.

218 1210 375 1287 †Recipio
390 1221 522 1287 tempore
541 1229 589 1271 me
609 1211 707 1270 domo.
752 1231 778 1286 3.
800 1211 847 1272 Te
864 1229 945 1270 nunc
964 1212 1003 1270 ad
1022 1214 1167 1288 oppidum

219 1320 248 1368 et
262 1310 400 1386 quoniam
414 1309 459 1368 bis
473 1309 599 1385 placeret
613 1310 704 1368 modo
720 1311 839 1387 propius
853 1310 1001 1380 accedere,
1013 1320 1046 1369 ut
1061 1311 1119 1369 hac
1133 1311 1169 1369 de

219 1427 250 1466 re
273 1407 505 1466 considerarent:
538 1409 626 1468 credo
649 1409 712 1468 fore
737 1419 879 1469 auctores
922 1409 970 1467 Sic
992 1409 1075 1466 enim
1097 1411 1170 1468 reci-

221 1508 313 1583 piunt,
333 1504 452 1564 Caesari
469 1523 533 1564 non
552 1507 643 1565 modo
662 1509 699 1566 de
720 1508 928 1579 conservanda,
946 1507 999 1566 sed
1020 1509 1112 1566 etiam
1135 1510 1170 1568 de

222 1603 356 1680 augenda
375 1621 443 1662 mea
463 1604 601 1680 dignitate
624 1624 709 1665 curae
732 1606 803 1677 lore,
825 1625 931 1682 meque
955 1604 1120 1677 hortantur,
1142 1619 1173 1666 ut

222 1721 331 1780 magno
352 1704 451 1761 animo
474 1703 536 1774 sim,
558 1715 590 1762 ut
611 1705 710 1764 omnia
731 1724 847 1766 summa
867 1723 998 1782 sperem:
1023 1723 1058 1764 ea
1081 1725 1173 1783 spon-

224 1803 301 1873 dent,
321 1801 503 1874 confirmant,
518 1820 593 1879 quae
615 1803 733 1880 quidem
754 1805 826 1862 mihi
846 1803 1042 1881 exploratiora
1063 1816 1175 1876 essent,

224 1903 248 1960 si
271 1900 485 1962 remansissem.
530 1901 589 1961 Sed
613 1904 714 1978 ingero
739 1903 899 1979 praeterita.
939 1903 1025 1973 Vide,
1048 1921 1175 1979 quaeso

223 2001 310 2077 igitur
328 2017 371 2070 ea,
386 2017 462 2075 quae
482 2009 599 2072 restant,
614 2011 644 2060 et
664 2002 783 2078 explora
802 2020 870 2061 cum
884 2002 954 2073 istis,
968 2012 997 2060 et
1014 2002 1039 2060 si
1052 2006 1176 2078 putabis

224 2116 299 2175 opus
319 2115 384 2156 esse
403 2109 431 2154 et
450 2097 475 2158 si
489 2097 550 2156 istis
567 2097 701 2174 placebit,
715 2117 775 2174 quo
794 2099 888 2175 magis
907 2099 1016 2158 factum
1035 2109 1177 2160 nostrum

225 2195 333 2256 Caesar
355 2196 460 2272 probet
480 2196 563 2272 quasi
586 2196 622 2254 de
645 2215 765 2256 suorum
787 2199 929 2257 sententia
950 2197 1068 2269 factum,
1094 2200 1179 2258 adhi-

225 2297 347 2354 beantur
370 2291 547 2364 Trebonius,
572 2293 677 2365 Pansa,
706 2295 730 2354 si
757 2296 808 2372 qui
836 2296 891 2366 alii,
920 2297 1112 2372 scribantque
1144 2297 1180 2356 ad

226 2392 383 2452 Caesarem
397 2409 454 2461 me,
470 2392 607 2468 quicquid
623 2392 749 2464 fecerim,
765 2392 802 2452 de
817 2412 870 2452 sua
884 2395 1025 2454 sententia
1039 2393 1163 2455 fecisse.

269 2511 294 2562 4.
318 2489 431 2548 Tulliae
455 2507 538 2550 meae
563 2492 685 2552 morbus
709 2501 739 2550 et
763 2491 943 2551 imbecillitas
968 2493 1105 2568 corporis
1132 2513 1181 2552 me

228 2589 382 2659 exanimat,
404 2605 493 2664 quam
514 2588 566 2650 tibi
587 2588 724 2665 intellego
746 2607 870 2664 magnae
891 2608 976 2651 curae
993 2607 1071 2662 esse,
1096 2593 1183 2667 quod

229 2697 272 2746 est
286 2686 357 2744 mihi
371 2687 576 2762 gratissimum.
620 2701 646 2762 5.
668 2687 715 2746 De
729 2688 862 2763 Pompeii
875 2689 955 2752 exitu
968 2687 1039 2746 mihi
1053 2689 1184 2750 dubium

229 2803 389 2861 numquam
413 2784 465 2844 tuit
476 2805 484 2858 ;
517 2795 597 2844 tanta
618 2786 697 2844 enim
721 2786 883 2863 desperatio
905 2804 1002 2845 rerum
1026 2787 1093 2846 eius
1118 2807 1185 2848 om·

229 2883 311 2942 nium
335 2902 437 2960 regum
462 2894 491 2945 et
514 2883 691 2960 populorum
715 2884 829 2942 animos
853 2894 1019 2962 occuparat,
1041 2894 1084 2956 ut,
1109 2905 1185 2964 quo·

230 3000 356 3058 cumque
380 2983 514 3054 venisset,
537 2982 594 3042 hoc
618 2992 750 3059 putarem
773 2981 908 3042 futurum.
957 2982 1030 3042 Non
1054 3001 1186 3058 possum

232 3082 293 3140 eius
308 3100 407 3141 casum
421 3100 483 3140 non
498 3081 615 3153 dolere,
637 3081 789 3139 hominem
803 3081 882 3139 enim
901 3082 1045 3156 integrum
1065 3092 1102 3140 et
1124 3104 1186 3144 cas-

231 3192 293 3241 tum
321 3190 350 3240 et
377 3198 495 3255 gravem
524 3180 658 3256 cognovi.
701 3180 728 3237 6.
753 3178 800 3237 De
828 3178 943 3239 Fannio
971 3178 1114 3240 consoler
1141 3185 1187 3242 te?

232 3280 395 3358 perniciosa
408 3279 581 3355 loquebatur
595 3277 632 3336 de
651 3278 803 3336 mansione
818 3285 884 3350 tua;
906 3277 940 3336 L.
956 3294 1022 3336 vero
1037 3276 1187 3340 Lentulus

233 3377 385 3437 Hortensii
400 3375 521 3436 domum
535 3377 589 3438 sibi
604 3385 633 3436 et
648 3375 779 3436 Caesaris
793 3374 893 3435 hortos
907 3385 936 3436 et
951 3375 1036 3434 Baias
1052 3374 1187 3457 despon-
