2452 3842
222 181 286 248 226
476 195 514 244 rc.
541 195 663 244 ruaarr
684 198 871 246 cronnoms
1063 189 1131 272 [Pars
1146 206 1170 252 v.

221 371 322 424 meae;
345 352 416 412 nihil
441 354 518 412 enim
542 372 683 431 umquam
708 373 769 414 non
793 356 885 414 modo
910 359 1053 416 acerbum
1075 360 1107 416 in
1130 379 1173 418 me

219 451 280 522 fuit,
303 452 355 511 sed
380 471 417 510 ne
445 453 534 528 paulo
562 453 681 530 quidem
708 455 815 512 tristius
845 464 893 512 aut
922 457 1062 528 severiuS,
1089 477 1172 534 quam

220 552 378 610 necessitas
406 551 447 608 rei
477 550 610 627 publicae
641 552 804 628 postulavit.
857 553 982 612 Accedit
1012 565 1046 612 ut
1080 575 1119 614 ne
1146 559 1172 614 in

219 648 316 724 ipsum
337 649 455 725 quidem
471 648 607 707 Clodium
629 667 729 708 meum
749 651 863 726 insigne
878 652 981 710 odium
1003 652 1092 712 fuerit
1112 675 1172 713 um-

219 767 316 824 quam,
331 765 503 824 semperque
524 748 564 805 ita
586 748 679 819 statui,
699 767 760 806 non
780 767 844 808 esse
863 751 1059 811 insectandos
1076 755 1172 812 inimi-

218 832 320 905 corum
342 847 461 916 amicos,
483 847 653 922 praesertim
677 845 854 919 humiliores
876 866 932 907 nec
953 849 1000 907 his
1021 853 1172 926 praesidiis

218 955 335 1003 nosmet
354 945 436 1021 ipsos
450 962 514 1002 esse
530 944 709 1019 spoliandos.
753 963 780 1016 4.
803 944 882 1003 Nam
896 946 933 1004 de
952 964 1050 1021 puero
1068 949 1172 1008 Clodio
1217 1021 1218 1028 ἵ

218 1055 282 1102 tuas
300 1051 397 1119 partes
411 1061 475 1102 esse
491 1044 620 1114 arbitror,
636 1053 667 1101 ut
688 1044 749 1102 eius
771 1044 900 1102 animum
921 1055 1072 1118 tenerum,
1088 1069 1173 1125 quem
1217 1033 1218 1122 l

218 1142 255 1202 ad
279 1142 400 1200 modum
426 1143 535 1213 scribis,
557 1142 592 1200 iis
618 1142 807 1217 opinionibus
832 1143 955 1216 imbuas,
977 1155 1012 1203 ut
1039 1165 1081 1205 ne
1103 1167 1173 1224 quas
1217 1131 1218 1192 l

216 1242 380 1300 inimicitias
394 1241 518 1299 residere
532 1243 564 1299 in
575 1241 689 1300 familiis
703 1243 811 1300 nostris
822 1242 982 1301 arbitretur.
1021 1243 1174 1305 Contendi
1217 1217 1218 1290 l

216 1359 286 1400 eum
312 1339 345 1398 P.
367 1339 482 1412 Clodio,
511 1358 579 1398 cum
600 1357 657 1415 ego
685 1340 833 1414 publicam
855 1358 983 1410 causam,
1008 1342 1060 1402 ille
1092 1365 1174 1404 suam

216 1439 401 1500 defenderet:
424 1450 538 1498 nostras
549 1439 780 1497 concertationes
794 1457 840 1496 res
854 1438 971 1515 publica
982 1440 1160 1502 diiudicarit
1168 1465 1174 1516 ;

216 1539 240 1596 si
255 1539 366 1608 viveret,
381 1537 452 1594 mihi
468 1554 535 1594 cum
554 1536 602 1594 illo
622 1535 700 1594 nulla
715 1537 865 1594 contentio
878 1536 937 1593 iam
951 1554 1106 1600 maneret.
1152 1563 1176 1616 5.

216 1636 337 1709 Quare,
353 1636 492 1712 quoniam
507 1635 562 1694 hoc
577 1655 594 1694 a
608 1653 656 1693 me
671 1635 712 1692 sic
726 1635 809 1711 petis
824 1646 864 1705 ut,
879 1653 954 1711 quae
968 1645 1023 1695 tua
1037 1653 1178 1714 potestas

215 1745 267 1808 est,
282 1755 317 1794 ea
337 1754 427 1811 neges
448 1745 476 1792 te
498 1753 545 1792 me
568 1734 655 1792 invito
677 1751 805 1804 usurum,
820 1752 912 1810 puero
934 1752 1061 1813 quoque
1086 1741 1179 1800 hoca

214 1853 261 1894 mc
283 1836 375 1906 dabis,
390 1836 413 1893 si
434 1835 486 1893 tibi
507 1834 656 1904 videbitur,
671 1851 732 1891 non
754 1850 812 1908 quo
833 1844 882 1891 aut
903 1844 983 1892 aetas
1007 1851 1120 1898 nostra
1144 1845 1180 1900 ab

213 1935 288 1994 illius
302 1943 394 1992 aetate
409 1934 565 2010 quicquam
580 1932 684 1991 debeat
704 1931 822 2006 periculi
844 1932 985 2007 suspicari
1007 1947 1062 1994 aut
1079 1939 1181 2015 digni-

212 2045 257 2093 tas
280 2051 346 2091 mea
367 2031 457 2092 ullam
479 2032 697 2090 contentionem
719 2030 895 2096 extimescat,
917 2031 970 2088 sed
991 2042 1026 2090 ut
1051 2055 1181 2098 nosmet

212 2133 268 2208 ipsi
288 2133 362 2190 inter
381 2150 437 2190 nos
459 2130 673 2191 coniunctiores
695 2125 896 2205 simus,'quam
918 2129 1017 2188 adhuc
1039 2133 1182 2210 fuimus;

212 2230 459 2306 interpellantibus
484 2231 562 2288 enim
591 2229 635 2287 his
664 2227 819 2286 inimicitiis
840 2228 955 2286 animus
976 2239 1049 2288 tuus
1075 2239 1183 2313 magis

212 2330 304 2407 patuit
318 2347 407 2406 quam
421 2329 536 2388 domus,
562 2327 621 2386 Sed
634 2326 707 2384 haec
716 2327 864 2392 hactenus.
888 2326 964 2385 Illud
973 2339 1160 2392 extremum
1177 2358 1182 2391 ;

211 2446 277 2504 eg0‚
299 2447 374 2506 quae
396 2438 424 2486 te
446 2427 518 2485 velle
540 2443 674 2502 quaeque
700 2424 737 2484 ad
761 2435 789 2483 te
817 2425 961 2501 pertinere
989 2429 1184 2496 arbitrabor.

212 2545 327 2604 semper
345 2527 408 2584 sine
427 2525 487 2587 ulla
505 2524 685 2583 dubitatione
707 2542 824 2582 summo
843 2525 940 2582 studio
954 2523 1093 2600 faciam;
1118 2531 1184 2590 hoc

211 2626 299 2684 velim
307 2626 358 2685 tibi
373 2627 488 2702 penitus
502 2623 691 2701 persuadeas.

394 2785 459 2840 111.
502 2779 560 2838 ΑΙ)
580 2777 833 2838 FAMILIARES
856 2777 909 2835 IX.
934 2797 978 2850 14.

293 2895 359 2956 Scn.
380 2916 411 2954 nr
432 2895 602 2954 Pournrauo
622 2914 659 2952 1v.
682 2893 760 2953 Nou.
781 2891 880 2952 Maras
901 2911 984 2951 auc.
1010 2907 1089 2968 710.

394 3021 498 3064 cacano
518 3020 711 3062 noaauaaaaa
732 3017 853 3060 consuat
873 3019 927 3058 suo
947 3019 969 3058 s

204 3197 208 3202 .
254 3141 279 3180 ι.
300 3118 373 3180 Essa
397 3128 549 3178 contentus
569 3137 658 3189 eram,
683 3119 724 3175 mi
745 3115 905 3186 Dolabella,
926 3124 976 3172 tua
995 3117 1102 3192 gloria
1130 3145 1188 3186 52.

210 3223 304 3297 iisque
323 3238 360 3278 ex
379 3238 414 3278 ea
432 3237 571 3294 magnam
587 3217 724 3276 laetitiam
737 3216 972 3291 voluptatemque
992 3217 1187 3291 capiebam,

210 3332 310 3376 tamen
329 3335 392 3373 non
412 3334 535 3390 possum
555 3333 618 3372 non
641 3313 772 3372 confiteri
795 3313 936 3371 cumulari
955 3331 1005 3370 me
1025 3322 1187 3387 maximo

211 3414 329 3488 gaudio,
344 3412 425 3484 quod
439 3409 525 3483 volgo
538 3410 690 3468 hominum
705 3410 805 3486 opinio
820 3410 932 3468 socium
947 3428 995 3468 me
1009 3411 1188 3486 adscribat
