2432 3844
55 262 180 346 sp.15.]
265 275 377 327 rrrsr.
397 275 448 324 Ab
471 274 592 340 Qmur.
615 274 723 324 sarr.
744 277 769 324 1.
793 281 822 330 2.
966 281 1008 349 37

53 433 125 508 ipse
149 432 308 509 cognovit:
329 433 436 492 etenim
456 433 607 493 intervenit
627 451 688 493 non
709 434 854 494 nullomm
874 435 1006 513 querelis,

54 549 140 606 quae
159 531 240 608 apud
259 550 306 591 me
328 533 365 592 de
383 532 432 591 illo
451 533 516 609 ipso
536 532 727 605 habebantur,
741 543 771 592 et
789 533 894 593 sentire
915 536 1009 613 potuit

54 648 217 689 sermones
237 631 403 707 iniquorum
423 632 454 688 in
475 649 560 690 suum
581 631 764 707 potissimum
785 649 894 691 nomen
913 651 1008 692 erum-

53 747 143 806 pere.
189 749 216 805 3.
238 729 329 801 Quod
348 739 444 789 autem
462 748 510 789 me
529 731 654 790 maxime
671 748 788 790 movere
805 730 924 803 solebat,
939 749 1007 791 curn

54 827 222 886 audiebam
240 828 321 887 illum
337 829 402 905 plus
421 829 499 908 apud
517 839 546 888 te
564 847 661 905 posse,
675 847 764 906 quam
783 830 907 904 gravitas
926 829 1008 888 istius

54 928 178 998 aetatis,
193 928 306 1003 imperii
323 929 477 1004 prudentia
494 928 782 1006 postularet-quam
801 927 909 987 multos
930 929 1008 986 enim

53 1043 183 1084 mecum
200 1027 295 1102 egisse
312 1036 408 1103 putas,
422 1036 454 1086 ut
473 1046 505 1086 se
526 1027 616 1087 Statio
636 1027 897 1088 commendarem?
918 1043 1008 1104 quarn

54 1125 158 1182 multa
172 1134 269 1184 autem
283 1126 380 1203 ipsum
397 1127 525 1200 ἀσφαλῶς
542 1144 659 1185 mecum
676 1127 707 1183 in
727 1143 862 1184 sermone
882 1126 922 1184 ita
938 1143 1006 1202 pro-

55 1223 166 1282 tulisse
191 1223 239 1282 ‘id
265 1224 335 1282 mihi
362 1242 424 1283 non
452 1225 575 1301 placuit;
603 1225 714 1296 monui,
739 1226 825 1296 suasi,
850 1224 1008 1284 deterruii’

56 1323 173 1398 quibus
187 1323 218 1380 in
230 1323 317 1381 rebus
330 1323 444 1382 etiamsi
458 1323 579 1383 fidelitas
593 1341 708 1382 summa
723 1333 777 1394 est,
791 1323 872 1399 quod
888 1341 1008 1401 prorsus

58 1421 166 1491 credo,
187 1421 326 1496 quoniam
349 1427 381 1480 tu
404 1422 445 1481 ita
468 1421 588 1494 iudicas,
609 1432 708 1481 tamen
732 1422 844 1498 species
864 1423 928 1498 ipsa
947 1431 1007 1480 tam

57 1519 186 1595 gratiosi
200 1519 293 1578 liberti
308 1529 356 1578 aut
373 1519 447 1578 servi
464 1519 634 1596 dignitatem
651 1520 758 1580 habere
775 1520 884 1579 nullam
902 1530 1007 1597 potest.

58 1619 166 1694 Atque
180 1617 238 1676 hoc
251 1619 293 1677 sic
307 1617 525 1677 habeto—nihil
538 1619 617 1676 enim
634 1636 689 1678 nec
707 1629 818 1678 temere
838 1618 935 1678 dicere
953 1637 1008 1678 nec

58 1727 161 1776 astute
193 1717 311 1776 reticere
344 1716 487 1789 debeo-,
515 1717 665 1776 materiam
692 1735 812 1776 omnem
840 1734 1008 1776 sermonum

59 1831 179 1886 eorum,
190 1814 240 1889 qui
254 1813 290 1872 de
305 1824 333 1874 te
348 1813 496 1873 detrahere
509 1814 621 1886 vellent,
635 1814 758 1874 Statium
773 1815 903 1887 dedisse;
924 1824 1009 1874 antea

58 1922 181 1972 tantum
201 1911 327 1987 intellegi
347 1913 485 1989 potuisse,
503 1913 590 1972 iratos
611 1923 678 1973 tuae
699 1914 840 1974 severitati
860 1931 926 1974 esse
946 1933 1008 1973 non

60 2012 172 2082 nullos,
203 2010 261 2071 hoc
293 2011 473 2070 manumisso
505 2011 584 2070 iratis
616 2012 696 2089 quod
729 2013 915 2089 loquerentur
946 2030 1007 2071 non

60 2109 202 2169 defuisse.

106 2207 149 2266 11.
178 2226 205 2278 4.
230 2205 318 2267 Nunc
339 2207 524 2284 respondebo
548 2207 585 2266 ad
607 2225 658 2266 eas
680 2207 825 2283 epistolas,
841 2223 913 2283 quas
937 2206 1008 2263 mihi

60 2307 193 2366 reddidit
213 2307 246 2364 L.
269 2306 399 2379 Caesius,
414 2305 476 2378 bui,
498 2307 638 2382 quoniam
651 2307 691 2364 ita
714 2316 742 2365 te
766 2306 838 2364 velle
862 2304 1008 2381 intellego,

61 2406 146 2465 nullo
157 2405 224 2465 loco
236 2405 340 2480 deero;
356 2423 478 2482 quarum
492 2405 581 2464 altera
595 2414 638 2463 est
653 2404 690 2463 de
704 2403 854 2482 Blaudeno
871 2402 1007 2475 Zeuxide,

62 2522 155 2582 quem
178 2504 279 2562 scribis
301 2504 493 2563 certissimum
513 2502 694 2562 matricidam
716 2502 768 2561 tibi
792 2521 810 2561 a
833 2520 881 2561 me
908 2501 1008 2560 intime

63 2602 275 2663 commendari.
318 2601 387 2674 Qua
402 2602 484 2661 dere
498 2612 527 2661 et
541 2602 577 2660 de
591 2601 648 2660 hoc
667 2618 773 2677 genere
792 2610 863 2671 toto,
877 2617 916 2658 ne
934 2599 1008 2658 forte

63 2719 115 2760 me
129 2701 160 2758 in
174 2698 305 2761 Graecos
318 2709 379 2759 tam
392 2701 578 2760 ambitiosum
592 2699 700 2758 factum
714 2717 778 2758 esse
792 2699 904 2770 mirere,
916 2717 1010 2776 pauca

64 2815 226 2874 cognosce.
267 2797 334 2874 Ego
349 2815 418 2857 cum
432 2797 612 2858 Graecorum
627 2797 758 2874 querelas
772 2798 894 2856 nimium
914 2798 1008 2856 valere

64 2896 204 2955 sentirem
223 2906 341 2973 propter
360 2895 513 2954 bominum
530 2896 648 2971 ingenia
664 2896 702 2954 ad
722 2895 879 2956 fallendum
899 2904 1007 2971 parata,

65 3011 269 3070 quoscumque
287 2994 323 3053 de
343 3004 371 3053 te
386 2995 467 3070 queri
486 2995 581 3053 audivi
596 3011 779 3071 quacumque
797 2993 879 3071 potui
897 2993 1008 3052 ratione

65 3092 187 3168 placavi.
202 3091 331 3150 Primum
340 3091 579 3168 Dionysopolitas
591 3093 640 3168 qui
649 3101 730 3155 erant
739 3092 929 3150 inimicissimi
939 3091 1009 3149 leni-

65 3192 233 3268 viquorum
242 3192 403 3268 principem
412 3192 607 3268 Hermippum
616 3209 677 3250 non
686 3192 781 3252 solum
790 3208 924 3250 sermone
932 3209 1009 3263 meo,

67 3287 221 3348 sedetiam
236 3288 425 3349 familiaritate
439 3290 572 3362 devinxi;
588 3307 645 3364 ego
659 3290 856 3366 Apamensem
871 3289 1009 3367 Hephae-

66 3397 155 3457 stum,
166 3403 223 3462 ego
237 3387 416 3446 levissimum
429 3387 588 3459 bominem,
601 3386 793 3463 Megaristum
806 3387 1010 3457 Antandrium,

65 3501 125 3562 ego
145 3483 260 3544 Niciam
279 3485 479 3563 Smymaeum‚
493 3503 551 3563 ego
570 3504 665 3564 nugas
683 3487 826 3545 maximas
844 3485 925 3546 omni
943 3502 1010 3544 mea
