2454 3842
191 229 251 277 120
460 219 498 268 rr.
524 216 645 266 ruram
667 213 856 264 ciceronis
1022 193 1091 284 [aare
1106 211 1137 256 11.

188 393 245 454 ego
273 373 402 443 arbitror,
430 381 549 448 propter
576 370 653 428 hanc
679 367 878 442 παλιγγενεσίαν
908 371 1044 423 nostram
1079 379 1139 421 non

190 473 423 550 neglegendam:
454 488 512 547 qua
536 487 567 527 re
589 478 621 527 tu
642 484 768 543 quoque,
791 466 832 523 mi
856 464 963 534 Attice,
984 463 1085 538 incipe
1111 461 1142 519 id

191 590 306 649 cupere,
322 588 381 648 quo
396 587 451 628 nos
465 568 561 626 minus
576 567 666 644 inepti
680 565 838 623 videamur.

374 733 422 788 43.
465 727 523 786 AD
544 723 796 785 FAMILIARES
818 721 899 780 XIV.
923 735 950 795 5.

248 847 314 907 Ser.
335 845 467 903 Arrianis
489 862 515 902 a.
531 860 558 900 n.
581 861 626 900 xv.
649 840 726 908 Kar.
749 838 886 898 Novana.
908 856 993 897 mue.
1018 851 1088 913 704.

409 968 533 1010 ruamus
554 968 576 1008 s
598 968 625 1007 n.
647 965 814 1006 rurunrmn
835 963 916 1004 suun.

238 1088 262 1127 r.
285 1066 317 1125 Sr
339 1076 370 1125 tu
391 1074 420 1123 et
439 1063 544 1135 Tullia,
565 1063 614 1121 lux
633 1072 740 1132 nostra,
756 1061 864 1131 valetis
886 1077 943 1135 ego
957 1070 988 1118 et
1007 1063 1146 1123 suavissi-

195 1185 261 1226 mus
284 1164 388 1224 Cicero
412 1162 548 1221 valemus.
592 1159 638 1219 Pr.
659 1159 730 1218 Idus
755 1157 821 1218 Oct.
844 1157 978 1218 Athenas
1002 1164 1147 1233 venimus,

194 1282 262 1323 cum
278 1280 347 1320 sane
362 1261 490 1320 adversis
508 1259 601 1317 ventis
615 1258 660 1316 usi
680 1275 812 1317 essemus
833 1256 972 1332 tardeque
987 1268 1016 1317 et
1031 1261 1147 1318 incom-

116 1357 120 1363 ’
194 1360 283 1418 mode
298 1358 525 1433 navigassemus
567 1356 614 1414 De
633 1373 706 1414 nave
726 1356 898 1415 exeuntibus
916 1357 1005 1416 nobis
1018 1357 1148 1416 Acastus

196 1476 263 1518 curn
298 1456 398 1514 litteris
427 1464 543 1532 praesto
574 1454 627 1512 fuit
654 1472 715 1513 uno
743 1463 773 1513 et
799 1455 959 1512 vicensimo
989 1455 1046 1527 die,
1077 1475 1149 1514 sane

197 1566 321 1615 strenue.
364 1553 475 1628 Accepi
495 1561 559 1610 tuas
580 1552 694 1623 litteras,
716 1554 821 1628 quibus
848 1552 974 1612 intellexi
999 1564 1029 1612 te
1060 1559 1151 1614 vereri

197 1673 235 1712 ne
263 1652 426 1728 superiores
454 1651 525 1708 mihi
553 1652 682 1710 redditae
711 1670 772 1710 non
796 1661 910 1710 essent:
945 1669 1053 1712 omnes
1083 1666 1151 1712 sunt

197 1751 327 1811 redditae
349 1749 626 1826 diligentissimeque
650 1759 718 1808 ate
747 1751 906 1827 perscripta
929 1761 998 1808 sunt
1026 1757 1149 1826 omnia;

197 1851 285 1926 idque
300 1847 370 1906 mihi
383 1847 580 1923 gratissimum
595 1847 655 1906 fuit.
697 1846 802 1924 Neque
817 1867 881 1907 sum
896 1849 1059 1910 admiratus
1075 1852 1151 1912 hanc

199 1948 361 2024 epistolam,
376 1963 465 2020 quam
478 1944 603 2004 Acastus
618 1945 717 2015 attulit,
733 1947 850 2004 brevem
864 1946 971 2018 fuisse;
995 1949 1056 2008 iam
1073 1953 1151 2009 enim

199 2067 247 2106 me
268 2045 365 2122 ipsum
386 2052 538 2120 exspectas
560 2044 619 2103 sive
646 2062 702 2103 nos
730 2045 818 2120 ipsos
840 2045 890 2119 qui
915 2046 1035 2120 quidem
1062 2067 1152 2125 quarn

200 2149 327 2224 primum
345 2143 383 2202 ad
402 2161 455 2201 vos
473 2144 569 2201 venire
584 2143 725 2219 cupimus
741 2143 802 2216 etsi,
817 2143 848 2200 in
868 2160 957 2218 quam
973 2163 1037 2203 rem
1058 2151 1154 2223 publi·

201 2263 267 2304 cam
295 2243 452 2312 veniamus,
482 2241 637 2316 intellego:
671 2242 797 2316 cognovi
824 2241 902 2300 enim
929 2259 967 2300 ex
991 2244 1154 2305 multorum

201 2345 361 2402 amicorum
388 2341 495 2411 litteris,
524 2357 598 2415 quas
626 2340 718 2398 attulit
747 2339 880 2408 Acastus,
911 2340 948 2399 ad
977 2359 1062 2400 arma
1092 2363 1154 2403 rem

203 2451 341 2516 spectare,
364 2447 396 2498 ut
423 2437 502 2509 mihi,
528 2456 594 2496 cum
620 2456 736 2510 venero,
764 2438 944 2497 dissimulare
967 2457 1031 2497 non
1059 2441 1154 2514 liceat,

203 2537 273 2612 quid
294 2537 427 2595 sentiam.
470 2535 537 2607 Sed,
559 2537 699 2612 quoniam
721 2537 872 2595 subeunda
892 2536 1009 2596 fortuna
1038 2551 1095 2611 est,
1120 2559 1155 2600 eo

203 2635 285 2693 citius
300 2634 433 2692 dabimus
450 2651 579 2709 operam,
594 2642 626 2692 ut
644 2634 803 2705 veniamus,
818 2652 877 2712 quo
899 2634 1010 2695 facilius
1032 2636 1072 2696 de
1095 2649 1157 2699 tota

204 2751 235 2791 re
259 2731 459 2790 deliberemus.
501 2732 551 2791 Tu
575 2732 669 2803 velim,
691 2733 772 2808 quod
795 2732 955 2791 commodo
982 2734 1157 2796 valetudinis

204 2844 270 2890 tuae
285 2831 342 2900 fiat,
357 2847 446 2906 quam
465 2829 635 2907 longissime
659 2831 768 2908 poteris
787 2831 903 2890 obviam
917 2832 1003 2890 nobis
1017 2835 1156 2910 prodeas

207 2939 233 2988 l.
255 2928 301 2987 De
329 2927 486 2987 hereditate
514 2929 661 3001 Preciana,
690 2947 765 3007 quae
794 2930 912 3007 quidem
945 2930 1015 2988 mihi
1043 2951 1157 3010 magno

206 3027 298 3086 dolori
325 3027 494 3086 est—valde
522 3027 601 3085 enim
629 3026 709 3085 illum
737 3027 880 3098 amavi—,
906 3028 958 3087 sed
985 3027 1044 3089 hoc
1068 3032 1158 3090 velim

206 3144 307 3186 cures:
330 3125 354 3184 si
368 3125 465 3184 auctio
480 3135 547 3184 ante
566 3143 665 3182 meum
681 3125 837 3183 adventurn
855 3125 912 3197 fiet,
927 3135 959 3185 ut
971 3125 1158 3203 Pomponius

206 3233 264 3298 aut,
279 3225 303 3284 si
316 3225 341 3282 is
355 3224 452 3284 minus
466 3223 580 3300 poterit,
596 3222 736 3282 Camillus
755 3233 887 3281 nostrum
901 3224 1052 3300 negotium
1065 3239 1157 3286 curet.

207 3324 272 3384 Nos
287 3342 354 3383 cnm
369 3322 440 3382 salvi
453 3321 625 3390 venerimus,
639 3319 749 3396 reliqua
762 3339 815 3397 per
828 3338 884 3380 nos
899 3339 1039 3397 agemus3
1061 3324 1109 3382 sin
1127 3337 1157 3385 tu

208 3426 267 3480 iam
287 3420 385 3478 Roma
405 3416 535 3493 profecta
555 3417 621 3486 eris,
641 3426 741 3474 tamen
762 3417 884 3488 curabis,
905 3429 938 3478 ut
958 3419 1016 3478 hoc
1036 3421 1076 3479 ita
1099 3423 1158 3483 fiat.
