2512 3844
241 199 305 262 244
519 195 557 245 rr.
584 195 703 246 rurrrr
725 195 910 246 cressonis
1069 187 1140 269 [rats
1155 202 1183 247 r.

241 370 307 412 sum
321 353 359 412 ad
373 351 522 429 Inalpinos
536 372 604 413 cum
617 355 754 426 exercitu,
768 373 830 413 non
850 365 909 414 tam
928 371 1039 412 nomen
1058 355 1182 432 impera·

241 451 348 509 torium
370 461 491 526 captans
511 469 599 528 quam
622 454 741 530 cupiens
765 453 902 512 militibus
925 455 994 511 satis
1018 453 1118 513 lacere
1140 455 1182 512 fir-

242 567 366 626 mosque
384 567 437 608 eos
458 549 496 608 ad
517 551 639 610 tuendas
660 561 774 611 nostras
794 569 840 610 res
861 552 990 610 efficere:
1011 553 1096 628 quod
1117 554 1183 611 milri

242 643 346 706 videor.
366 655 555 717 consecutus;
580 665 605 704 a.
628 665 696 705 nam
719 655 747 706 et
774 646 970 704 liberalitatem
998 658 1134 705 nostram
1159 658 1183 704 et
1230 631 1231 704 l

244 738 374 796 animum
389 749 456 797 sunt
473 739 590 816 experti
633 739 710 798 Cum
730 741 862 798 omnium
881 738 1112 799 bellicosissimis
1130 741 1183 799 bel-
1230 719 1231 812 Ῐ

243 835 305 894 lum
325 836 419 911 gessi;
441 837 531 895 multa
551 837 667 896 castella
687 840 760 914 cepi,
781 838 871 896 multa
891 837 999 896 vastavi
1006 856 1015 910 ;
1041 856 1107 896 non
1130 840 1185 898 sine
1230 913 1231 916 Ἴ

244 951 334 992 causa
348 935 385 993 ad
397 944 530 993 senatum
544 935 649 994 litteras
663 937 737 997 misi.
765 937 879 994 Adiuva
892 954 948 994 nos
962 945 1012 994 tua
1027 941 1186 1010 sententia;

244 1032 326 1108 quod
348 1051 416 1092 cum
438 1031 534 1104 facies,
557 1052 592 1092 ex
616 1051 725 1110 magna
748 1044 829 1110 parte
854 1035 1001 1092 communi
1027 1037 1187 1096 commodo

244 1125 414 1186 inservieris.
1230 1129 1231 1174 l

453 1275 518 1331 121.
561 1271 617 1331 AD
638 1271 834 1332 ATTICUM
856 1271 937 1342 XVI.
958 1275 984 1330 8.

249 1377 315 1437 Sca.
329 1397 360 1436 ru
381 1379 561 1439 Puraoanno
578 1380 809 1456 s.n.1v.',Nouas
828 1380 1009 1440 Novunnnas
1024 1400 1114 1442 Aue.
1128 1395 1187 1458 710.
1230 1435 1231 1448 ,

574 1506 676 1547 cronno
691 1506 796 1547 arrreo
810 1505 872 1546 sna.

293 1615 318 1655 1.
340 1595 410 1654 Curu
432 1598 530 1670 sciam,
546 1616 605 1675 quo
627 1599 673 1658 die
693 1607 829 1657 venturus
851 1599 914 1670 sim,
932 1598 1037 1658 faciam
1055 1611 1088 1660 ut
1112 1603 1190 1660 scias.

248 1694 463 1770 Impedimenta
482 1698 678 1773 exspectanda
696 1707 769 1767 sunt,
784 1715 859 1774 quae
873 1698 1009 1774 Anagnia
1022 1701 1152 1772 veniunt,
1167 1711 1192 1758 et
1230 1711 1231 1714 ’

249 1793 358 1852 familia
372 1811 459 1870 aegra
473 1805 524 1853 est.
555 1795 621 1854 Kal.
632 1796 744 1872 vesperi
758 1796 865 1854 litterae
879 1796 1001 1855 mihiab
1012 1796 1191 1857 Octaviano:
1230 1813 1231 1840 t

250 1910 360 1968 magna
379 1893 502 1951 molitur.
546 1894 717 1965 Veteranos,
732 1895 781 1970 qui
801 1892 920 1953 Casilini
934 1904 963 1953 et
977 1895 1109 1954 Calatiae
1123 1904 1190 1966 stent,
1230 1931 1231 1936 κ

251 1991 385 2070 perduxit
410 1992 448 2050 ad
476 2010 558 2050 suam
588 1993 777 2065 sententiam
806 2012 861 2052 nec
885 1995 1006 2052 mirum:
1028 1995 1192 2072 quingenos

252 2091 388 2149 denarios
402 2089 458 2148 dat.
501 2089 619 2166 Cogitat
632 2091 755 2167 reliquas
769 2091 898 2150 colonias
918 2092 998 2150 obire
1006 2111 1014 2163 ;
1037 2093 1126 2169 plane
1140 2096 1193 2153 hoc

253 2198 373 2264 spectat,
388 2198 420 2246 ut
440 2206 471 2247 se
490 2189 564 2248 duce
578 2189 684 2248 bellum
698 2199 814 2265 geratur
828 2207 895 2248 curn
910 2190 1048 2249 Antonio.
1094 2193 1193 2270 Itaque

253 2286 337 2346 video
360 2287 461 2362 paucis
486 2287 587 2346 diebus
612 2305 667 2346 nos
695 2287 725 2345 in
751 2288 837 2345 armis
862 2287 931 2346 fore.
974 2287 1072 2360 Quem
1100 2306 1195 2350 autern

254 2386 429 2462 sequamur?
450 2385 514 2445 vide
534 2405 652 2458 nomen,
667 2385 732 2444 vide
747 2394 878 2444 aetatem.
920 2388 1019 2462 Atque
1034 2405 1051 2444 a
1065 2407 1116 2447 me
1131 2408 1195 2466 pos·

254 2487 332 2556 tulat,
347 2486 472 2561 primum
487 2495 519 2543 ut
533 2486 607 2544 clam
626 2487 805 2563 colloquatur
824 2504 939 2544 mecum
954 2486 998 2545 vel
1017 2486 1141 2564 Capuae
1159 2491 1198 2548 uel

253 2605 309 2642 non
317 2586 394 2659 longe
405 2603 423 2640 a
437 2582 553 2658 Capua:
568 2584 675 2662 puerile
686 2584 742 2642 hoc
752 2584 907 2660 quidem,si
919 2585 949 2643 id
959 2595 1040 2660 putat
1052 2587 1130 2645 clam
1141 2589 1198 2646 fieri

256 2701 345 2760 posse
354 2702 361 2755 ;
384 2677 536 2758 docui'per
550 2682 657 2740 litteras
670 2683 701 2741 id
715 2702 770 2742 nec
785 2701 860 2759 opus
875 2701 939 2742 esse
956 2702 1010 2742 nec
1026 2684 1087 2742 fieri
1102 2705 1196 2762 posse.

259 2801 286 2839 a.
311 2780 392 2839 Misit
406 2781 442 2838 ad
458 2799 505 2839 me
520 2773 677 2839 Caecinam
693 2781 840 2856 quendam
851 2780 1082 2854 Volaterranum,
1098 2783 1198 2844 famili-

256 2896 337 2938 arem
362 2897 456 2950 suum,
481 2879 530 2954 qui
557 2878 628 2938 haec
657 2879 778 2954 pertulit,
801 2878 962 2936 Antonium
990 2898 1057 2937 cum
1085 2881 1198 2959 legione

257 2975 435 3034 Alaudarum
449 2976 486 3035 ad
505 2978 606 3038 urbem
625 2995 755 3053 pergere,
769 2977 908 3053 pecunias
925 2978 1090 3054 municipiis
1111 2981 1199 3057 impe·
1230 2991 1231 3072 l

258 3092 330 3143 rare,
353 3073 498 3148 legionem
526 3075 580 3134 sub
608 3075 698 3150 signis
727 3075 838 3134 ducere.
882 3074 1080 3147 Consultabat,
1107 3089 1198 3136 utrum
1230 3075 1231 3124 l

259 3172 389 3230 Romam
408 3190 475 3229 cum
496 3190 540 3232 cro
562 3189 606 3232 cro
625 3189 676 3232 cro.
693 3183 893 3231 veteranorum
912 3173 1150 3250 proficisceretur,
1165 3196 1198 3234 an

259 3269 394 3344 Capuam
405 3277 513 3327 teneret
528 3281 556 3327 et
566 3272 728 3329 Antonium
740 3271 901 3329 venientem
916 3272 1088 3344 excluderet,
1099 3292 1137 3332 an
1151 3276 1197 3331 iret
1230 3337 1231 3360 χ

261 3367 300 3424 ad
319 3376 375 3424 tres
395 3363 524 3438 legiones
543 3365 760 3440 Macedonicas
775 3387 849 3444 quae
869 3369 921 3428 iter
942 3370 1104 3429 secundum
1123 3391 1195 3431 mare
1230 3379 1231 3406 l
