2454 3842
237 235 279 314 ,⁶⁶
505 247 562 298 ,m
587 245 706 297 runnu
727 248 914 298 nicanorus
1065 235 1136 320 [rm
1151 248 1178 294 rr.
1203 271 1204 290 t

236 407 306 479 Quo
326 405 443 483 quidem
463 416 649 484 temperent
667 407 821 484 perscripsi
840 407 878 466 ad
895 416 923 466 te
942 415 1037 477 antea,
1053 405 1176 483 cognovi

236 505 426 564 Hortensium
453 506 643 582 percupidum
673 507 723 578 tui,
754 506 917 566 studiosum
948 505 1115 577 Lucullum,
1142 522 1175 562 ex
1204 505 1205 538 l

233 605 448 681 magistratibus
482 613 578 664 autem
613 604 646 662 L.
682 604 826 663 Racilium
860 614 888 664 et
921 604 979 662 fide
1011 614 1041 662 et
1075 605 1174 663 animo

235 703 380 781 singulari.
423 702 501 761 Nam
515 713 615 761 nostra
629 704 821 779 propugnatio
836 720 870 762 ac
884 702 1015 762 defensio
1029 702 1175 779 dignitatis

234 813 300 863 tuae
314 811 432 879 propter
445 801 675 876 magnitudinem
693 801 826 861 beneficii
840 801 881 860 tui
895 801 1017 859 fortasse
1032 801 1174 877 plerisque

233 903 321 961 officii
345 901 486 959 maiorem
505 901 702 959 auctoritatem
723 901 830 959 habere
850 900 978 959 videatur
999 918 1090 976 quam
1112 917 1175 960 sen·

233 1001 346 1060 tentiae.
399 1017 425 1072 3.
447 997 600 1057 Praeterea
627 1000 746 1076 quidem
773 999 809 1058 de
837 999 1036 1058 consularibus
1065 998 1174 1057 nemini

232 1115 354 1174 possum
367 1107 416 1155 aut
433 1097 518 1156 studii
533 1117 602 1174 erga
617 1107 644 1157 te
661 1107 711 1156 aut
729 1097 815 1156 officii
835 1107 884 1155 aut
900 1097 984 1155 amici
1004 1098 1094 1156 animi
1112 1115 1174 1156 esse
1206 1143 1207 1191 p

232 1199 335 1258 testis:
363 1197 470 1254 etenim
491 1195 672 1272 Pompeium,
694 1197 744 1273 qui
771 1213 887 1255 mecum
915 1196 1085 1271 saepissime
1114 1213 1173 1254 non
1206 1197 1207 1236 ³

232 1298 328 1356 solum
349 1313 367 1353 a
388 1313 437 1352 me
464 1305 645 1372 provocatus,
672 1296 725 1355 sed
753 1296 839 1355 etiam
868 1313 920 1354 sua
947 1306 1052 1372 sponte
1081 1295 1119 1354 de
1147 1305 1173 1352 te

232 1394 448 1454 communicare
476 1393 556 1466 solet,
579 1396 635 1454 scis
663 1395 842 1471 temporibus
869 1394 922 1453 illis
948 1412 1010 1453 non
1035 1412 1125 1470 saepe
1143 1395 1172 1451 in

232 1503 335 1554 senatu
362 1491 467 1565 fuisse;
497 1494 543 1552 cui
571 1494 689 1569 quidem
716 1493 825 1552 litterae
845 1503 922 1566 tuae,
947 1511 1020 1570 quas
1039 1495 1173 1569 proxime
1207 1528 1208 1604 p

230 1591 359 1662 miseras,
387 1591 467 1667 quod
494 1590 578 1650 facile
606 1592 802 1662 intellexerim,
827 1591 1021 1668 periucundae
1049 1593 1171 1652 suerunt
1207 1609 1208 1648 l

231 1689 305 1748 Mihi
326 1690 443 1766 quidem
464 1690 627 1750 humanitas
645 1699 695 1749 tua
714 1691 758 1750 vel
779 1707 893 1750 summa
912 1690 1009 1766 potius
1031 1692 1172 1768 sapientia

230 1805 293 1847 non
320 1788 446 1847 iucunda
478 1789 582 1859 solum,
615 1789 667 1848 sed
697 1789 784 1847 etiam
815 1789 988 1847 admirabilis
1019 1789 1081 1847 visa
1109 1800 1170 1849 est:

210 1887 322 1945 ·virum
343 1887 422 1944 enim
446 1887 634 1945 excellentem
663 1897 692 1946 et
718 1887 768 1945 tibi
796 1895 847 1946 tua
874 1888 1031 1963 praestanti
1051 1887 1083 1945 in
1104 1907 1169 1947 eum

228 1983 396 2045 liberalitate
416 1985 590 2056 devinctum,
605 2004 666 2043 non
685 1985 756 2044 nihil
775 1986 970 2062 suspicantem
984 1995 1103 2062 propter
1122 1987 1167 2046 ali-
1208 2063 1209 2066 Ἴ

230 2103 355 2162 quorum
369 2085 540 2160 opinionem
559 2103 629 2144 suae
644 2085 807 2161 cupiditatis
821 2094 850 2143 te
863 2084 902 2142 ab
920 2102 952 2142 se
966 2084 1166 2156 abalienatum,
1208 2067 1209 2106 ³

228 2184 277 2244 illa
296 2184 419 2261 epistola
438 2184 593 2257 retinuisti;
623 2185 672 2260 qui
693 2184 763 2242 mihi
782 2202 850 2242 cum
871 2201 987 2259 semper
1005 2193 1071 2243 tuae
1091 2185 1168 2244 laudi

228 2284 323 2343 favere
355 2284 433 2342 visus
468 2293 519 2356 cst,
547 2284 634 2342 etiam
669 2284 733 2359 ipso
769 2282 1003 2358 suspitiosissimo
1038 2293 1167 2360 tempore

228 2382 401 2452 Caniniam,
412 2392 475 2440 tum
485 2400 554 2440 vero
569 2382 649 2440 lectis
663 2382 719 2440 tuis
736 2381 834 2439 litteris
848 2390 1017 2457 perspectus
1031 2391 1076 2439 est
1090 2400 1108 2440 a
1121 2402 1167 2441 me

226 2489 289 2540 toto
314 2481 413 2539 animo
436 2479 473 2538 de
496 2490 524 2538 te
549 2499 583 2538 ac
608 2480 644 2538 de
669 2480 726 2539 tuis
748 2479 927 2538 ornamentis
951 2490 980 2538 et
1004 2483 1166 2540 commodis

227 2579 365 2654 cogitare.
416 2597 442 2649 4.
467 2578 535 2650 Qua
556 2597 587 2637 re
607 2596 649 2649 ea,
671 2597 746 2654 quae
767 2578 901 2649 scribam,
923 2577 965 2637 sic
985 2578 1102 2651 habeto,
1122 2599 1168 2640 me

227 2695 295 2736 cum
312 2677 361 2735 illo
380 2695 411 2736 re
432 2694 519 2753 saepe
541 2677 754 2736 communicata
775 2676 812 2734 de
831 2676 904 2734 illius
922 2677 959 2735 ad
980 2687 1008 2735 te
1028 2682 1168 2738 sententia

226 2784 314 2850 atque
338 2774 505 2834 auctoritate
530 2776 670 2836 scribere:
700 2775 838 2852 quoniam
862 2784 979 2834 senatus
1003 2778 1167 2838 consultum

227 2873 337 2932 nullum
371 2881 472 2944 exstat,
498 2892 557 2950 quo
590 2873 720 2933 reductio
754 2873 830 2950 regis
866 2868 1081 2954 [Alexandrini]
1118 2878 1167 2936 tibi

226 2969 364 3048 adempta
379 2972 423 3042 sit,
438 2989 540 3054 eaque,
555 2991 631 3048 quae
646 2972 682 3030 de
696 2991 731 3032 ea
751 2973 858 3048 scripta
876 2982 928 3044 est,
943 2973 1106 3046 auctoritas,
1122 2976 1168 3034 cui

226 3068 283 3129 scis
297 3068 487 3128 intercessum
500 3088 573 3142 esse,
584 3080 615 3129 ut
629 3089 667 3128 ne
681 3071 746 3147 qui's
760 3070 882 3130 omnino
896 3088 997 3145 regem
1010 3072 1165 3144 reduceret,

225 3176 336 3228 tantam
355 3167 413 3224 vim
434 3167 530 3239 habet,
544 3179 575 3226 ut
596 3169 690 3245 magis
711 3169 849 3228 iratorum
868 3168 1021 3227 hominum
1041 3171 1166 3231 studium

226 3284 315 3345 quam
334 3265 492 3325 constantis
514 3276 632 3326 senatus
653 3268 806 3326 consilium
825 3285 889 3326 esse
903 3267 1041 3338 videatur,
1055 3278 1084 3328 te
1103 3289 1165 3346 per-

225 3368 336 3443 spicere
370 3383 466 3441 posse,
495 3367 545 3441 qui
573 3365 704 3425 Ciliciam
737 3367 926 3444 Cyprumque
961 3377 1069 3440 teneas,
1097 3370 1165 3446 quid

225 3465 346 3532 efficere,
371 3473 400 3522 et
428 3461 498 3538 quid
526 3465 666 3542 consequi
691 3465 795 3541 possis,
820 3476 858 3538 et,
879 3466 903 3525 si
931 3485 977 3526 res
1001 3466 1164 3528 facultatem
