2432 3844
212 292 253 360 52
297 290 336 342 M.
360 290 478 338 TULLII
499 289 684 338 CICERONIS
705 288 760 336 ΕΡ.
783 287 839 338 AD.
862 285 943 337 ATT.
966 289 1021 336 ΙΙΙ.
1045 291 1092 357 23.

213 466 315 507 omnes
330 448 359 506 in
379 447 547 524 abrogando
564 454 712 506 uterentur.
755 445 795 505 Ut
812 445 955 504 Ninnium
974 454 1023 504 aut
1041 454 1154 505 ceteros

212 547 316 624 fugerit
336 547 488 622 investiges
510 546 594 605 velim
615 555 643 604 et
664 546 729 621 quis
749 545 872 602 attulerit
893 554 921 602 et
946 562 1003 620 qua
1027 562 1058 601 re
1083 552 1154 600 octo

212 644 316 702 tribuni
338 644 375 721 pl.
398 644 436 702 ad
458 654 590 702 senatum
613 643 650 702 de
674 661 721 700 me
744 643 848 702 referre
871 661 932 702 non
956 641 1151 701 dubitarint—

212 743 318 802 scilicet
340 743 420 820 quod
441 741 655 802 observandum
676 741 745 800 illud
767 751 853 818 caput
877 759 939 799 non
962 743 1153 816 putabant—,

212 842 299 901 iidem
321 843 352 900 in
373 842 543 918 abrogando
565 853 626 900 tarn
647 841 723 898 cauti
744 839 856 911 luerint,
878 848 910 896 ut
931 839 961 897 id
983 847 1153 907 metuerent,

168 1003 173 1014 Ι
212 941 298 998 soluti
311 959 378 1000 cum
393 950 496 1012 essent,
512 941 592 1017 quod
611 958 649 998 ne
668 939 702 997 iis
721 938 848 1014 quidem,
863 938 912 1014 qui
933 937 998 1014 lege
1012 948 1155 1005 tenentur,

211 1048 254 1096 est
271 1037 439 1096 curandum.
482 1038 517 1097 Id
540 1047 626 1113 caput
648 1055 718 1095 sane
739 1036 831 1094 nolim
851 1053 943 1093 novos
965 1036 1097 1094 tribunos
1114 1034 1154 1110 pl.

210 1134 291 1207 ferre,
315 1135 367 1194 sed
394 1135 539 1211 perferant
567 1135 658 1193 modo
686 1134 851 1211 quidlubet:
880 1151 940 1191 uno
965 1135 1070 1210 capite,
1094 1151 1154 1209 quo

210 1236 375 1306 revocabor,
404 1235 494 1293 modo
524 1253 570 1293 res
599 1234 775 1304 conficiatur,
801 1250 851 1291 ero
880 1243 1039 1292 contentus.
1090 1233 1154 1291 Iam

212 1333 323 1390 dudum
337 1333 426 1410 pudet
441 1344 500 1392 tarn
514 1333 604 1392 multa
619 1334 744 1391 scribere
752 1352 760 1405 3
783 1350 883 1390 vereor
897 1332 976 1389 enim
990 1351 1027 1390 ne
1045 1351 1076 1390 re
1097 1333 1154 1388 iam

211 1431 362 1506 desperata
376 1432 463 1508 legas,
473 1443 504 1491 ut
517 1433 588 1492 haec
603 1450 669 1489 mea
680 1431 827 1507 diligentia
837 1430 1006 1488 miserabilis
1016 1431 1077 1500 tibi,
1089 1430 1153 1488 aliis

210 1528 353 1587 irridenda
367 1531 503 1589 videatur.
551 1530 609 1589 Sed
624 1531 647 1588 si
661 1541 704 1588 est
719 1529 827 1605 aliquid
840 1529 870 1586 in
888 1509 948 1604 spe,
963 1529 1028 1586 vide
1047 1527 1151 1604 legem,

211 1644 298 1702 quam
312 1627 351 1684 T.
363 1628 454 1688 Fadio
470 1629 582 1705 scripsit
595 1627 748 1687 Visellius:
766 1646 801 1685 ea
815 1626 886 1684 mihi
900 1628 1046 1702 perplacet
1054 1647 1062 1699 ;
1083 1645 1153 1684 nam

211 1725 295 1783 Sestii
309 1727 408 1798 nostri,
425 1745 511 1803 quam
526 1739 558 1785 tu
571 1729 623 1786 tibi
637 1727 753 1804 probari
767 1726 875 1796 scribis,
890 1725 960 1782 mihi
975 1742 1035 1782 non
1049 1724 1151 1800 placet.

211 1837 238 1896 5.
261 1822 360 1882 Tertia
379 1834 422 1903 est
444 1826 566 1901 epistola
584 1826 676 1901 pridie
695 1824 765 1883 Idus
785 1823 942 1882 Novembr.
956 1822 1029 1892 data,
1044 1823 1075 1880 in
1096 1842 1153 1899 qua

210 1923 333 1996 exponis
348 1922 502 1998 prudenter
516 1933 544 1982 et
559 1923 717 1999 diligenter,
733 1942 808 1999 quae
826 1923 882 1980 sint
896 1939 970 1998 quae
989 1940 1050 1979 rem
1069 1922 1151 1980 disti·

209 2038 277 2079 nere
298 2021 456 2088 videantur,
477 2022 513 2080 de
536 2021 650 2094 Crasse,
671 2022 707 2080 de
729 2020 878 2097 Pompeio,
894 2020 930 2078 de
952 2020 1069 2079 ceteris:
1094 2039 1153 2097 qua

208 2137 239 2176 re
261 2136 315 2177 oro
339 2129 366 2177 te
390 2129 429 2192 ut,
453 2121 476 2178 si
505 2139 562 2197 qua
587 2138 653 2196 spes
677 2121 736 2191 erit,
758 2137 845 2195 posse
871 2119 972 2177 studiis
997 2106 1153 2190 bonorum,

209 2218 384 2290 auctoritate,
394 2219 574 2277 multitudine
586 2227 760 2294 comparata,
771 2237 833 2276 rern
845 2217 958 2288 confici,
968 2217 1019 2275 des
1028 2234 1152 2293 operam

208 2324 240 2373 ut
260 2334 318 2376 uno
337 2317 446 2393 impetu
465 2317 666 2393 perfringatur,
685 2317 715 2374 in
734 2335 799 2375 eam
818 2335 881 2375 rem
902 2317 1052 2375 incumbas
1072 2325 1151 2374 cete-

207 2431 315 2489 rosque
329 2417 454 2489 excites3
476 2417 530 2486 sin,
542 2426 574 2474 ut
588 2433 645 2490 ego
659 2416 805 2491 perspicio
821 2434 888 2474 curn
907 2424 956 2473 tua
977 2411 1153 2484 coniectura,

208 2513 376 2571 tumeliam
392 2531 466 2584 mea,
483 2514 544 2590 spei
563 2513 634 2570 nihil
652 2523 704 2584 est,
719 2531 773 2572 oro
795 2513 980 2588 obtestorque
1001 2521 1037 2582 te,
1057 2519 1090 2568 ut
1114 2511 1152 2583 Q.

207 2608 325 2667 fratrem
348 2628 436 2681 ameS,
459 2629 547 2687 quern
568 2627 625 2686 ego
646 2612 784 2669 miserum
805 2612 911 2670 misere
935 2609 1055 2687 perdidi,
1076 2626 1153 2668 neve

208 2707 278 2782 quid
292 2725 359 2765 eum
373 2709 480 2783 patiare
495 2709 609 2785 gravius
628 2709 778 2768 consulere
799 2710 834 2768 de
853 2728 893 2780 se,
909 2726 996 2785 quam
1016 2706 1153 2780 expediat

208 2804 314 2863 sororis
341 2815 407 2864 tuae
435 2805 504 2877 filio,
532 2824 631 2865 meum
660 2805 845 2878 Ciceronem,
867 2808 913 2865 cui
941 2805 1011 2865 nihil
1037 2803 1153 2863 misello

207 2902 338 2978 relinquo
366 2912 478 2978 praeter
502 2904 639 2962 invidiam
667 2913 694 2962 et
719 2905 911 2981 ignominiam
934 2901 1059 2962 nominis
1081 2905 1153 2975 mei,

206 3010 311 3071 tueare,
332 3001 430 3077 quoad
450 3001 567 3077 poteris,
584 3001 761 3073 Terentiam,
776 3021 866 3062 unam
886 3001 1018 3060 omnium
1036 3017 1153 3058 aerum-

206 3099 399 3172 nosissimam,
414 3110 556 3159 sustentes
571 3101 626 3159 tuis
641 3101 750 3160 officiis.
795 3101 861 3178 Ego
875 3101 905 3159 in
920 3100 1041 3177 Epirum
1060 3100 1153 3174 profi-

207 3197 305 3268 ciscar,
315 3216 381 3257 cum
392 3199 552 3275 primorum
567 3197 677 3256 dierum
692 3199 809 3257 nuntios
824 3215 985 3274 excepero:
1005 3205 1037 3253 tu
1051 3193 1089 3253 ad
1104 3213 1153 3254 me

206 3295 290 3352 velim
311 3296 450 3372 proximis
470 3296 577 3367 litteris
599 3306 631 3354 ut
655 3315 687 3355 se
713 3297 794 3355 initia
821 3296 962 3367 dederint,
983 3292 1155 3370 perscribas.

206 3393 282 3454 Dat'a
296 3395 387 3471 pridie
402 3394 467 3456 Kal.
484 3394 639 3454 Decembr.
