2432 3844
232 218 273 284 26
497 228 534 280 u.
561 229 678 280 aaran
699 230 886 280 nicanorus
1067 217 1147 300 [rm
1165 231 1184 278 r.
1205 183 1206 238 ³

232 387 320 447 Nunc
339 398 437 448 tamen
457 389 528 465 petit
546 390 649 448 iterum
669 389 710 448 rei
732 389 866 466 publicae
890 406 986 448 causa.
1029 386 1183 448 Lucceius

231 486 302 562 quid
329 497 404 564 agat,
429 489 553 547 scribam
581 488 619 548 ad
650 497 687 558 te,
716 505 784 548 curn
806 486 964 546 Caesarem
988 486 1098 558 videro,
1124 489 1207 566 qui,

232 584 323 644 aderit
343 584 441 644 bidu0.
467 635 468 642 ,
487 605 531 644 10.
554 585 645 658 Quod
667 584 794 662 Sicyonii
815 595 844 644 te
864 585 991 657 laedunt,
1013 585 1124 645 Catoni
1151 597 1182 644 et

231 683 293 742 eius
306 683 474 743 aemulatori
488 683 624 744 attribues
639 683 764 744 Servilio.
797 683 898 756 Quid?
920 702 955 744 ea
968 683 1056 759 plaga
1071 702 1180 744 nonne

230 781 270 840 ad
299 782 406 842 multos
439 783 535 841 bonos
562 782 638 842 viros
670 782 814 858 pertinet?
848 782 909 853 sed,
937 783 961 841 si
988 782 1027 840 ita
1052 782 1179 858 placuit,

229 880 396 952 laudemus;
429 879 533 939 deinde
560 879 591 938 in
618 879 843 940 discessionibus
875 879 929 940 soli
956 879 1176 955 relinquamur!
1207 870 1208 946 l

230 978 385 1038 Amalthea
402 995 470 1036 mea
482 986 511 1035 te
525 987 673 1053 exspectat
691 987 721 1038 et
738 977 847 1053 indiget
863 979 913 1036 tui.
958 996 1002 1034 11.
1025 977 1177 1039 Tuscula-

230 1096 301 1136 uum
320 1085 349 1135 et
369 1075 580 1152 Pompeianum
595 1075 678 1134 valde
698 1093 746 1134 me
765 1074 917 1148 delectant,
938 1077 994 1136 nisi
1012 1077 1096 1152 quod
1115 1095 1176 1148 me,

229 1176 310 1234 illurn
323 1175 420 1251 ipsum
433 1174 577 1234 vindicem
591 1174 664 1234 aeris
679 1175 771 1245 alieni,
785 1192 851 1234 aere
865 1193 927 1234 non
942 1174 1105 1246 Corinthio,
1122 1175 1176 1236 sed

230 1273 289 1332 hoc
309 1271 537 1331 circumforaneo
558 1272 722 1333 obruerunt.
763 1272 800 1331 In
820 1271 914 1332 Gallia
933 1291 1085 1350 speramus
1106 1291 1175 1334 esse
1208 1331 1209 1360 ¹

231 1371 329 1433 otium.
371 1369 563 1446 Prognostica
589 1388 656 1428 mea
683 1389 750 1430 cum
779 1371 966 1432 oratiunculis
996 1371 1174 1448 propediem

231 1477 385 1545 exspecta3
407 1478 436 1528 et
456 1479 562 1540 tamen,
582 1469 652 1545 quid
671 1469 781 1544 cogites
801 1468 837 1528 de
856 1469 981 1529 adventu
997 1479 1057 1540 tuo,
1076 1471 1174 1529 scribe

231 1566 269 1625 ad
293 1585 365 1626 nos:
386 1585 455 1626 nam
478 1567 548 1626 mihi
571 1566 736 1643 Pomponia
758 1566 884 1626 nuntiari
902 1567 991 1638 iussit,
1014 1576 1042 1626 te
1066 1585 1174 1630 mense

231 1665 352 1740 Quintili
372 1665 487 1726 Romae
507 1665 585 1737 sore3
607 1663 637 1722 id
659 1683 677 1723 a
699 1665 755 1724 tuis
774 1664 882 1737 litteris,
904 1683 978 1741 quas
999 1665 1036 1724 ad
1059 1683 1110 1724 me
1136 1667 1173 1727 de

230 1781 321 1823 censu
348 1773 399 1822 tuo
427 1764 555 1834 miseras,
578 1762 766 1838 discrepabat.
813 1780 858 1820 ra.
886 1761 1000 1834 Paetus,
1028 1773 1060 1822 ut
1084 1772 1173 1822 antea
1209 1789 1210 1842 p

230 1862 268 1920 ad
288 1871 317 1921 te
338 1862 447 1946 scripsi,
468 1879 571 1921 omnes
591 1861 688 1931 libros,
708 1879 782 1938 quos
803 1859 889 1921 frater
910 1879 979 1922 suus
998 1861 1171 1937 reliquisset,

230 1960 301 2020 mihi
315 1959 441 2020 donavit.
483 1959 552 2020 Hoc
565 1959 638 2018 illius
652 1976 758 2019 munus
771 1960 803 2017 in
816 1969 865 2018 tua
879 1959 1027 2035 diligentia
1039 1961 1171 2035 positum

230 2065 291 2116 est:
313 2055 338 2115 si
358 2073 406 2114 me
423 2073 513 2125 amas,
530 2072 599 2115 cura
619 2063 651 2113 ut
671 2063 877 2114 conserventur
897 2062 926 2112 et
947 2054 984 2113 ad
1004 2073 1052 2112 me
1071 2055 1170 2130 perfe-

228 2163 340 2227 rantur;
358 2154 416 2214 hoc
429 2153 501 2212 mihi
514 2152 583 2212 nihil
597 2162 770 2229 potestesse
784 2152 900 2228 gratius,
910 2162 938 2212 et
952 2171 1018 2212 cum
1027 2151 1171 2224 Graecos,
1210 2139 1211 2224 l

229 2262 291 2314 tum
311 2269 379 2312 vero
399 2251 550 2328 diligenter
563 2249 683 2310 Latinos
704 2260 736 2309 ut
756 2267 910 2310 conserves
930 2250 1025 2310 velim.
1066 2248 1171 2310 Tuum

229 2368 293 2410 esse
308 2350 365 2411 hoc
379 2349 584 2411 munusculum
598 2348 716 2425 putabo.
744 2346 793 2406 Ad
802 2347 954 2408 Octavium
965 2347 1032 2407 dedi
1042 2347 1155 2407 litteras
1163 2370 1170 2420 ;
1209 2351 1211 2470 l

221 2467 297 2507 cum
312 2451 376 2525 ipso
390 2447 459 2506 nihil
472 2465 552 2506 eram
565 2446 695 2505 locutus:
716 2463 812 2520 neque
826 2447 904 2504 enim
918 2449 973 2506 ista
986 2456 1036 2504 tua
1048 2448 1171 2522 negotia

229 2546 414 2622 provincialia
434 2563 498 2604 esse
518 2544 667 2621 putabam,
682 2561 777 2620 neque
798 2552 827 2602 te
848 2543 878 2602 in
899 2543 1103 2604 tocullionibus
1118 2545 1171 2604 ha·

229 2643 335 2702 bebam
346 2661 354 2714 ;
377 2642 429 2700 sed
449 2641 559 2718 scripsi,
579 2649 610 2698 ut
631 2640 725 2712 debui,
747 2640 905 2717 diligenter.

447 2811 492 2866 10.
537 2806 594 2864 ΑΙ)
615 2805 809 2866 ATTICUM
831 2806 870 2864 ΙΙ.
896 2809 940 2866 16.

273 2921 340 2982 Sca.
360 2941 391 2982 ur
411 2921 566 2983 Fonumuo
586 2940 713 2982 ruuunru
734 2939 828 2980 uunsn
849 2920 933 2982 Mno
954 2941 1036 2983 nuc.
1059 2924 1126 2998 695.

541 3047 643 3088 cicaro
664 3046 771 3088 urrrco
791 3047 853 3087 sna.

272 3163 296 3202 1.
326 3142 448 3202 Cunaro
469 3143 539 3201 mihi
563 3153 593 3202 et
620 3145 678 3202 iam
701 3143 867 3202 dormitanti
890 3143 981 3218 pridie
1006 3142 1045 3202 K.
1070 3141 1169 3207 Maias

228 3240 350 3318 epistola
363 3250 407 3300 est
419 3241 467 3300 illa
480 3241 599 3313 reddita,
617 3243 647 3300 in
666 3259 724 3317 qua
743 3240 780 3300 de
796 3258 867 3316 agro
882 3239 1035 3317 Campano
1056 3241 1167 3304 scribis.
1210 3277 1211 3280 =

228 3339 309 3412 Quid
330 3340 463 3415 quaeris?
492 3340 587 3417 primo
608 3341 647 3398 ita
667 3357 715 3398 me
735 3339 865 3416 pupugit,
886 3349 918 3399 ut
938 3356 1075 3399 somnum
1094 3339 1168 3400 mihi

227 3433 374 3506 ademerit,
409 3435 462 3494 sed
495 3434 526 3494 id
559 3433 734 3509 cogitatione
762 3433 856 3509 magis
891 3450 979 3510 quam
1012 3432 1144 3494 molestia
1155 3457 1165 3510 ;
