2454 3842
211 239 271 324 138
461 251 499 301 Μ.
526 251 647 301 uurrrr
668 255 855 303 crosnorvrs
1030 240 1098 326 [rm
1114 257 1156 303 ur.

209 409 346 468 Gnaeum
365 417 497 468 nostmm
519 411 751 483 commissumm,
767 422 799 470 ut
819 412 981 470 Domitium
1002 409 1155 489 relinquat,

209 508 263 566 etsi
297 507 484 568 Brundisium
521 509 690 586 Scipionem
727 529 795 571 cum
835 511 1001 571 cohortibus
1041 513 1156 570 duabus

209 607 404 680 praemiserat,
423 608 570 684 legionem
593 629 612 666 α
631 610 740 668 Fausto
759 609 955 685 conscriptam
974 611 1005 667 in
1027 608 1156 668 Siciliam

156 692 159 698 ’
209 704 263 762 sibi
284 706 398 781 placere
419 703 437 765 a
458 706 577 778 consule
599 707 666 766 duci
687 707 840 783 scripserat
864 708 903 766 ad
928 707 1081 780 consules;
1106 709 1156 766 sed

209 811 291 879 turpe
310 803 472 864 Domitium
492 805 586 864 deseri
605 806 808 882 implorantem
829 807 891 865 eius
912 807 1060 864 auxilium.
1104 806 1157 865 Est

199 903 354 976 ¹quaedam
371 922 447 980 spes,
462 903 534 961 mihi
547 905 667 980 quidem
685 922 745 964 non
764 922 882 978 magna,
897 903 950 963 sed
969 905 999 961 in
1018 904 1064 963 his
1084 905 1158 964 locis
1221 957 1222 978 2

209 1000 299 1072 firma,
324 1002 477 1061 Afranium
500 1004 532 1060 in
555 1002 705 1079 Pyrenaeo
729 1021 796 1061 cum
821 1003 973 1062 Trebonio
998 1021 1157 1080 pugnasse,
1221 1027 1222 1042 ¹

209 1099 325 1173 pulsum
348 1100 539 1173 Trebonium,
563 1102 651 1160 etiam
674 1099 796 1159 Fabium
819 1109 900 1159 tuum
926 1102 1062 1160 transisse
1089 1121 1158 1160 cum

210 1197 387 1271 cohortibus,
406 1219 521 1259 summa
542 1209 647 1272 autem,
668 1198 821 1262 Afranium
843 1218 910 1260 cum
927 1201 1044 1276 magnis
1064 1203 1158 1278 copiis

209 1295 380 1357 adventare:
402 1299 431 1358 id
454 1300 477 1358 si
497 1309 549 1371 est,
569 1299 703 1357 in·ltalia
727 1298 850 1358 fortasse
874 1299 1047 1357 manebitur.
1091 1299 1158 1375 Ego

210 1405 316 1466 autern,
342 1414 409 1455 cum
438 1408 514 1457 esset
538 1398 679 1457 incertum
704 1397 756 1456 iter
781 1395 921 1470 Caesaris,
945 1396 1027 1474 quod
1049 1398 1094 1456 vel
1121 1399 1159 1456 ad

211 1489 343 1566 Capuam
361 1496 407 1554 vel
428 1495 465 1554 ad
486 1496 640 1556 Luceriam
664 1497 754 1554 iturus
778 1496 942 1572 putabatur,
963 1493 1092 1572 Leptam
1120 1498 1159 1555 ad
1222 1517 1223 1520 ¹

210 1587 384 1666 Pompeium
417 1593 483 1653 misi
514 1601 540 1652 et
567 1595 682 1665 litteras,
717 1595 789 1670 ipse,
825 1613 863 1653 ne
895 1611 955 1670 quo
987 1595 1158 1667 inciderem,
1222 1629 1223 1668 l

211 1692 312 1748 reverti
333 1691 473 1751 Formias.
509 1693 593 1752 Haec
608 1703 636 1752 te
652 1692 724 1751 scire
743 1692 821 1750 volui
836 1693 995 1769 scripsique
1011 1694 1158 1755 sedatiore

210 1787 318 1860 animo,
333 1792 568 1867 quamproxime
583 1791 763 1867 scripseram,
778 1790 889 1849 nullum
903 1809 1003 1850 meum
1016 1792 1159 1851 iudicium

211 1887 408 1963 interponens,
423 1889 476 1948 sed
490 1890 644 1966 exquirens
659 1898 749 1948 tuum.

422 2059 469 2114 ss.
511 2053 569 2113 An
590 2053 784 2114 Arrrcurr
805 2054 889 2113 vur.
913 2075 940 2131 9.

213 2166 495 2229 Sca.1nFonu1ano
516 2189 580 2229 nn.
595 2189 622 2228 v.
643 2169 804 2228 Karunnas
825 2168 964 2229 Maurus
985 2189 1072 2230 nuc.
1089 2183 1161 2245 705.
1223 2165 1224 2168 ’

528 2264 631 2336 crcuao
652 2294 758 2336 arrrco
778 2294 839 2334 sar.

255 2410 279 2447 r.
301 2391 469 2452 Errsrouru
484 2409 580 2450 meam
593 2391 672 2468 quod
683 2390 881 2466 pervolgatarn
896 2391 996 2449 scribis
1010 2409 1085 2464 esse,
1097 2411 1164 2452 non

212 2488 273 2546 fero
292 2491 430 2549 moleste:
452 2490 523 2566 quin
542 2490 629 2548 etiam
648 2490 711 2564 ipse
725 2488 821 2547 multis
836 2488 903 2548 dedi
918 2487 1162 2562 describendarn;

211 2604 246 2643 ea
260 2588 338 2645 enim
352 2597 381 2646 et
394 2588 560 2646 acciderunt
573 2588 631 2645 iarn
646 2598 676 2646 et
692 2587 870 2662 impendent,
884 2596 916 2645 ut
934 2597 1071 2646 testatum
1092 2607 1164 2648 esse

211 2684 304 2754 velim,
333 2686 370 2743 de
400 2704 472 2761 pace
501 2683 571 2762 quid
599 2685 745 2743 senserim.
795 2682 872 2742 Cum
900 2695 997 2743 autem
1025 2686 1064 2744 ad
1091 2705 1165 2746 earn

211 2779 340 2841 hortarer
354 2802 421 2842 eum
436 2782 604 2860 praesertim
617 2782 777 2854 hominem,
788 2800 850 2840 non
860 2783 977 2841 videbar
990 2783 1049 2841 ullo
1065 2785 1165 2844 modo

211 2878 321 2940 facilius
335 2891 474 2953 moturus,
483 2899 572 2958 quarn
587 2881 610 2939 si
625 2880 663 2952 id,
675 2880 754 2955 quod
768 2898 836 2938 eum
849 2880 986 2951 hortarer,
1001 2885 1166 2942 convenire

211 2981 273 3037 eius
308 2981 465 3056 sapientiae
501 2981 635 3039 dicerem.
677 2977 752 3037 Eam
780 2978 804 3038 si
829 2979 1062 3038 ‘admirabilem’
1089 2981 1166 3051 dixi,

211 3079 350 3153 quoniam
378 3097 445 3138 eum
473 3080 511 3137 ad
539 3078 660 3137 salutem
689 3077 797 3153 patriae
825 3075 968 3148 hortabar,
996 3095 1059 3136 non
1091 3097 1167 3138 sum

211 3177 316 3235 veritus
331 3195 368 3236 ne
382 3178 492 3236 viderer
507 3176 658 3246 adsentari,
676 3176 721 3235 cui
735 3174 783 3233 tali
799 3175 830 3232 in
848 3193 879 3233 re
901 3175 1032 3235 lubenter
1049 3195 1099 3236 me
1123 3179 1167 3237 ad

212 3274 302 3350 pedes
330 3274 509 3334 abiecissem.
552 3272 620 3346 Qua
647 3283 744 3332 autem
777 3282 821 3331 est
849 3273 975 3348 ‘aliquid
1007 3275 1167 3352 impertias

211 3373 367 3447 temporis‚’
386 3390 448 3429 non
469 3381 513 3429 est
534 3372 570 3429 de
592 3389 673 3447 pace,
694 3371 747 3430 sed
768 3371 805 3430 de
825 3389 873 3428 me
894 3371 959 3447 ipso
981 3383 1010 3431 et
1031 3373 1069 3432 de
1088 3394 1166 3436 meo

214 3470 310 3528 officio
324 3480 355 3528 ut
369 3467 477 3544 aliquid
491 3468 616 3542 cogitet;
631 3486 699 3526 narn
711 3467 791 3543 quod
801 3469 937 3527 testificor
947 3487 996 3528 me
1006 3482 1167 3548 expertem
