2454 3842
59 231 223 313 sp.50,51.]
248 244 362 295 rrrsr.
384 243 434 294 ab
455 243 622 295 Arctoum
644 245 719 294 νιιι.
746 250 784 299 12
806 245 839 294 n.
952 245 1009 316 131

60 403 182 479 negotia
196 405 276 462 tueri.
319 403 396 463 Cum
417 422 453 463 eo
468 405 620 476 venissem,
636 405 695 464 vidi
709 404 746 463 T.
761 403 903 481 Ampium
924 404 1010 464 dilee-

60 511 125 559 tum
153 501 261 560 habere
293 503 520 578 diligentissime,
553 505 591 561 ab
626 521 663 562 eo
698 502 829 580 accipere
857 504 1011 574 Libonem,

61 617 179 658 summa
198 601 267 658 item
287 601 434 677 diligentia
451 613 479 660 et
493 603 524 660 in
532 603 585 663 illa
603 603 719 662 colonia
738 603 915 662 auctoritate.
957 603 1012 661 Fui

61 697 194 774 Capuae,
209 701 308 776 quoad
322 702 465 760 consules.
507 700 625 773 Iterum,
639 711 671 758 ut
686 711 746 759 erat
761 702 888 760 edictum
907 720 924 759 a
941 719 1011 760 con-

62 798 186 870 sulibus,
200 799 265 856 veni
287 799 420 876 Capuam
442 800 480 860 ad
495 799 598 858 Nonas
619 799 755 858 Februar.
798 800 874 858 Cum
894 799 1013 858 fuissem
1098 781 1104 794 ’

60 898 201 969 triduum,
215 898 312 974 recepi
325 917 373 956 me
388 898 530 956 Formias.
574 917 600 973 3.
623 898 719 971 Nunc,
735 897 815 974 quod
836 908 919 956 tuum
941 915 1012 956 con-

62 996 162 1055 silium
182 1008 231 1055 aut
245 1013 319 1073 quae
340 997 413 1055 ratio
433 997 501 1054 belli
522 997 566 1068 sit,
581 1000 703 1072 ignoro:
726 999 749 1056 si
764 997 922 1056 tenendam
936 996 1013 1054 hanc

61 1114 149 1155 oram
169 1106 262 1172 putas,
277 1115 352 1172 quae
371 1107 399 1156 et
420 1098 670 1173 opportunitatem
687 1106 715 1154 et
735 1097 905 1172 dignitatem
925 1095 1013 1154 habet

61 1204 94 1252 et
115 1195 248 1270 egregios
269 1195 354 1266 cives,
370 1204 408 1266 et,
428 1203 460 1251 ut
481 1195 611 1265 arbitror,
632 1195 724 1252 teneri
746 1203 851 1270 potest,
874 1211 949 1270 opus
970 1202 1013 1252 est

62 1309 131 1348 esse
147 1292 196 1367 qui
211 1293 333 1368 praesit3
356 1292 401 1350 sin
422 1293 521 1349 omnia
541 1308 632 1348 unum
652 1292 683 1348 in
696 1290 794 1349 locum
816 1291 1014 1350 contrahenda

63 1399 144 1461 sunt,
159 1408 220 1448 non
235 1390 335 1449 dubito
350 1389 422 1466 quin
436 1389 473 1448 ad
488 1399 517 1448 te
535 1389 631 1447 statim
646 1389 769 1459 veniam,
785 1407 844 1465 quo
860 1389 931 1447 mihi
944 1389 1015 1448 nihil

62 1488 194 1564 optatius
215 1499 266 1559 est,
281 1489 369 1564 idque
391 1498 496 1558 tecum,
517 1505 576 1563 quo
600 1487 646 1546 die
667 1488 704 1545 ab
725 1488 797 1545 urbe
819 1487 1014 1560 discessimus,

62 1585 182 1644 locutus
204 1605 278 1645 sum.
319 1587 396 1663 Ego,
419 1587 443 1646 si
467 1586 513 1646 cui
538 1585 634 1644 adhuc
657 1586 757 1644 videor
780 1587 897 1662 segnior
917 1587 1015 1661 fuisse,

63 1683 140 1741 dum
160 1702 198 1742 ne
218 1686 270 1744 tibi
290 1685 396 1758 videar,
417 1704 480 1744 non
500 1684 612 1754 labom,
634 1694 663 1743 et
684 1694 792 1757 tamen,
814 1686 846 1756 si,
868 1694 900 1744 ut
920 1687 1014 1757 video,

62 1781 177 1840 bellum
199 1784 360 1858 gerendum
382 1795 435 1854 est,
461 1783 580 1843 confido
605 1802 653 1841 me
677 1785 814 1842 omnibus
839 1784 922 1843 facile
948 1786 1016 1844 satis
1055 1807 1057 1811 ’

62 1881 221 1939 facturum.
265 1901 292 1953 4.
317 1881 360 1939 M.
381 1881 519 1953 Tullium,
554 1899 654 1940 meum
684 1883 888 1955 necessarium,
919 1883 956 1942 ad
987 1893 1016 1942 te

63 1979 145 2051 misi,
161 1981 206 2039 cui
220 1990 260 2052 tu,
276 1981 300 2040 si
314 1981 365 2039 tibi
379 1982 531 2053 videretur,
546 1982 584 2040 ad
598 2000 646 2039 me
660 1981 769 2040 litteras
783 1982 875 2041 dares.

248 2145 295 2199 51.
337 2140 396 2198 AD
416 2139 612 2199 ATTICUM
633 2139 719 2199 VIII.
744 2159 778 2198 12
801 2140 839 2198 D.

108 2254 174 2314 Sere.
196 2254 348 2314 Lucanum
370 2275 397 2313 A.
419 2275 446 2314 n.
468 2275 527 2314 xm.
549 2255 627 2314 Kar.
649 2255 787 2316 Manrms
808 2275 890 2316 nuc.
915 2271 930 2332 7
956 2271 981 2332 5.

171 2381 216 2422 cn.
236 2381 352 2422 uacuus
373 2382 487 2423 rnocos.
509 2361 534 2422 s'
552 2383 579 2422 n.
601 2384 628 2423 r.
650 2383 772 2424 nomrro
793 2382 907 2424 rnocos

112 2497 138 2536 1.
163 2477 317 2537 Lmrmean
340 2478 411 2536 mihi
433 2496 451 2535 a
475 2487 503 2536 te
526 2478 655 2538 redditae
678 2489 745 2538 sunt
769 2480 844 2539 ad.
867 2499 927 2538 xm.
949 2479 1016 2539 Kal.

64 2577 200 2643 Martias,
228 2577 259 2634 in
290 2577 394 2652 quibus
430 2577 529 2635 scribis
558 2577 714 2637 Caesarem
750 2579 828 2655 apud
856 2579 1017 2638 Corfinium

63 2686 163 2736 castra
177 2675 318 2750 posuisse.
361 2675 451 2747 Quod
466 2676 563 2753 putavi
582 2686 611 2734 et
627 2678 799 2753 praemonui
813 2677 853 2749 fit,
868 2687 899 2736 ut
918 2677 1017 2737 necin

62 2774 232 2852 praesentia
256 2774 442 2832 committere
461 2784 558 2832 tecum
579 2775 722 2850 proelium
743 2775 809 2834 velit
831 2785 860 2833 et
881 2777 1018 2836 omnibus

64 2872 161 2949 copiis
177 2871 328 2931 conductis
342 2881 371 2930 te
385 2872 520 2948 implicet,
536 2890 572 2929 ne
588 2872 625 2931 ad
641 2891 688 2932 me
706 2873 759 2932 iter
776 2875 827 2932 tibi
849 2875 1018 2951 expeditum

65 2973 104 3031 sit
126 2980 214 3046 atque
228 2970 298 3029 istas
314 2971 414 3046 copias
429 2971 606 3046 coniungere
620 2972 799 3048 optimorum
821 2974 926 3032 civium
948 2992 1017 3050 pos·

65 3071 109 3129 sis
130 3087 199 3127 cum
220 3069 254 3128 iis
273 3069 444 3145 legionibus,
467 3070 503 3129 de
523 3088 646 3146 quarum
667 3070 815 3129 voluntate
835 3072 1018 3131 dubitamus:

66 3186 130 3246 quo
158 3168 246 3226 etiam
274 3169 368 3244 magis
396 3170 452 3228 tuis
480 3169 579 3227 litteris
608 3187 674 3227 sum
703 3179 888 3244 commotus;
923 3189 1019 3247 neque

66 3266 149 3326 enim
163 3283 264 3324 eorum
286 3266 417 3338 militum,
432 3285 506 3343 quos
527 3285 644 3326 mecum
663 3267 767 3340 habeo,
782 3268 930 3328 voluntate
951 3268 1019 3326 satis

66 3364 199 3435 confide,
213 3373 244 3422 ut
261 3365 297 3422 de
318 3366 453 3424 omnibus
468 3366 590 3425 fortunis
605 3367 646 3425 rei
660 3367 792 3442 publicae
810 3368 954 3436 dImicem,
970 3383 1021 3422 ne·

66 3483 127 3542 que
148 3464 244 3532 etiam,
259 3465 309 3539 qui
330 3483 367 3523 ex
382 3463 533 3524 dilectibus
555 3466 712 3543 conscripti
732 3475 798 3524 sunt
812 3485 830 3524 a
844 3463 1020 3536 consulibus,

521 3582 572 3622 rra
