2452 3842
217 223 278 289 170
485 227 525 278 u.
550 229 671 279 rnatu
692 229 877 282 crccnoms
1027 214 1094 306 [na
1109 231 1153 277 ιιι,

215 391 298 433 meae
311 393 365 452 pro
379 387 430 438 tuo
449 379 480 440 in
499 399 554 440 nos
575 400 675 442 amore
693 401 755 442 non
774 381 913 460 indigent.
955 381 1020 441 Nec
1040 381 1153 440 hercule

214 489 271 548 ego
286 475 403 550 quidem
417 481 539 556 reperio
551 483 621 558 quid
635 483 759 543 scribam
763 499 772 556 3
793 482 884 541 sedeo
898 481 977 540 enim
990 484 1154 538 πλουδοκῶνε

214 571 268 630 etsi
287 572 356 632 nihil
375 594 516 653 umquam
535 590 595 639 tarn
614 581 666 640 luit
685 581 871 640 scribendum
889 597 980 658 quam
999 580 1071 638 nihil
1087 579 1155 637 mihi

214 686 355 747 umquam
373 693 409 733 ex
424 676 553 752 plurimis
572 679 628 738 tuis
647 680 871 738 iucunditatibus
890 680 999 755 gratius
1018 679 1155 737 accidisse

215 785 304 844 quam
324 772 405 848 quod
424 792 521 834 meam
543 776 671 836 Tulliam
692 779 860 838 suavissime
883 777 1156 854 diligentissimeque

206 867 451 950 ¹coluisti-valde
479 892 515 933 eo
544 875 608 952 ipsa
636 877 777 936 delectata
807 886 859 948 est,
886 894 943 952 ego
971 885 1072 934 autem
1099 893 1158 934 non

216 966 361 1040 minus-,
383 972 465 1031 cuius
486 973 604 1049 quidem
625 976 713 1034 virtus
733 975 862 1034 mirifica.
904 974 974 1045 Quo
997 974 1091 1033 modo
1114 974 1160 1032 illa

216 1063 269 1123 fert
296 1069 443 1144 publicam
471 1071 602 1132 cladem!
632 1091 692 1150 quo
720 1074 812 1132 modo
845 1072 1023 1132 domesticas
1054 1074 1158 1131 tricas!

216 1175 341 1239 quantus
357 1179 453 1227 autern
470 1171 584 1230 animus
598 1172 629 1231 in
647 1172 778 1231 discessu
795 1175 913 1230 nostrol
934 1182 979 1230 est
992 1171 1104 1246 crepy-l,
1119 1182 1160 1230 est

217 1279 332 1323 summa
350 1266 486 1338 σόντηξιιι
507 1279 606 1328 tamen
627 1289 682 1330 nos
702 1280 779 1330 recte
798 1270 893 1329 facere
914 1280 943 1329 et
963 1271 1040 1329 bene
1063 1270 1159 1328 audire

216 1361 282 1420 volt.
328 1382 372 1422 10.
398 1364 456 1425 Sed
477 1367 532 1427 hac
553 1388 640 1445 super
661 1389 692 1428 re
713 1371 810 1442 nimis,
830 1388 869 1428 ne
890 1387 988 1428 meam
1009 1370 1074 1445 ipse
1094 1393 1159 1439 συμ-

215 1461 321 1516 πάθειαν
334 1463 393 1520 iam
406 1483 536 1526 evocem.
578 1468 635 1540 Tu,
651 1469 675 1528 si
694 1469 764 1545 quid
785 1469 821 1527 de
835 1468 988 1544 Hispaniis
1008 1468 1115 1527 certius
1133 1479 1159 1526 et

217 1576 242 1614 sr
234 1557 325 1634 quid
339 1560 425 1634 aliud,
441 1564 510 1624 dum
524 1567 673 1639 adsumus,
689 1569 797 1627 scribes
811 1578 840 1626 et
854 1585 911 1643 ego
926 1566 1049 1626 fortasse
1069 1566 1160 1625 disce

218 1656 290 1715 dens
310 1656 386 1718 dabo
405 1660 444 1721 ad
462 1672 491 1722 te
508 1665 624 1742 aliquid,
638 1683 675 1724 eo
695 1667 782 1724 etiam
801 1666 904 1742 magia,
924 1665 1005 1741 quod
1019 1665 1118 1724 Tullia
1133 1676 1160 1723 te

217 1772 279 1812 non
298 1758 417 1832 putabat
435 1760 492 1821 hoc
511 1772 642 1840 tempore
662 1783 698 1823 ex
712 1765 802 1823 Italia.
846 1762 923 1822 Cum
939 1762 1100 1822 Antonio
1093 1775 1160 1823 rtem

217 1861 260 1912 est
284 1857 439 1932 agendum,
463 1870 495 1920 ut
518 1879 586 1921 cum
611 1862 747 1934 Curione,
770 1863 888 1922 Melitae
912 1880 961 1921 me
981 1863 1071 1921 velim
1088 1881 1161 1933 esse,

217 1953 284 2013 huic
298 1956 374 2015 bello
391 1958 495 2018 nolle
487 1969 644 2020 anteresse.
666 1980 702 2020 eo
716 1962 802 2020 velim
821 1971 880 2020 tam
896 1959 972 2020 facili
988 1963 1031 2020 uti
1049 1963 1162 2038 possim

217 2065 246 2112 et
263 2064 322 2113 tam
338 2055 446 2116 bono
438 2077 469 2116 ιιι
489 2077 537 2117 me
557 2079 647 2136 quam
668 2060 805 2120 Curione.
849 2061 879 2120 Is
900 2059 939 2119 ad
959 2059 1112 2119 Misenum
1126 2079 1162 2119 vr.

217 2154 322 2215 Nonas
332 2166 469 2218 venturus
484 2160 640 2231 dicebatur,
651 2160 682 2219 id
695 2170 740 2220 est
754 2159 850 2231 hodie,
863 2159 914 2218 sed
929 2159 1079 2236 praemisit
1093 2160 1163 2218 mihi

218 2253 336 2314 odiosas
351 2255 458 2317 litteras
471 2258 528 2317 hoc
543 2258 687 2335 exemplo.

429 2417 476 2472 72
517 2413 574 2472 AD
595 2413 790 2474 ATTICUM
812 2413 848 2472 X.
872 2417 889 2472 8
911 2413 948 2472 A

291 2533 451 2589 ANTONIUS
471 2549 547 2591 TRIB.
569 2551 614 2592 PL
635 2551 697 2593 PRO.
720 2551 764 2590 PR.
786 2550 921 2592 CICERONI
943 2549 1000 2589 [MP.
1024 2549 1089 2590 SAL.

264 2642 376 2702 1.N1s1
394 2653 422 2703 te
437 2645 520 2705 valde
539 2665 678 2720 amarem,
693 2657 722 2706 et
736 2648 827 2707 multo
842 2647 962 2723 quidem
980 2647 1056 2723 plus,
1075 2667 1166 2724 quam

219 2751 251 2799 tu
271 2751 364 2819 putas
379 2761 441 2802 non
462 2746 660 2805 extimuissem
681 2764 836 2817 rumorem,
854 2747 904 2821 qui
926 2745 962 2804 de
982 2754 1011 2803 te
1032 2747 1167 2822 prolatus

219 2851 272 2911 est,
293 2859 359 2899 cum
380 2845 549 2919 praesertim
569 2844 676 2904 salsum
697 2863 761 2904 esse
783 2845 996 2915 existimarem
1023 2844 1078 2902 sed
1098 2846 1168 2922 quia

219 2949 248 2997 te
263 2940 353 2999 nimio
367 2941 432 3017 plus
447 2943 545 3018 diligo,
561 2961 622 3001 non
636 2961 760 3020 possum
775 2943 954 3002 dissimulare
967 2941 1039 3000 mihi
1052 2941 1168 3003 samam

219 3056 346 3117 quoque,
368 3042 499 3117 quamvis
523 3043 559 3100 sit
580 3042 660 3114 falsa,
681 3043 780 3120 magni
803 3061 874 3104 esse.
919 3041 957 3099 Tc
979 3043 1091 3100 iturum
1114 3063 1170 3101 esse

219 3148 298 3197 trans
318 3157 398 3197 mare
420 3139 536 3199 credere
553 3157 614 3200 non
632 3158 763 3216 possum,
781 3159 849 3200 cum
870 3140 941 3198 tanti
963 3139 1052 3198 facias
1072 3139 1169 3200 Dola·

219 3237 324 3314 bellam
338 3244 365 3294 cl
377 3238 504 3297 Tulliam
519 3250 606 3310 tuam,
620 3240 760 3298 seminam
773 3238 969 3308 lectissimam,
980 3238 1115 3315 tantique
1132 3243 1170 3298 ab

220 3336 357 3393 omnibus
378 3336 463 3393 nobis
483 3337 544 3407 fias,
565 3337 669 3413 quibus
692 3336 856 3396 mehercule
879 3336 1005 3412 dignitas
1029 3337 1170 3413 amplitu⁴

221 3433 318 3507 doque
341 3442 390 3490 tua
412 3450 506 3508 paene
527 3434 619 3491 carior
642 3442 686 3493 est
707 3452 797 3510 quam
818 3433 869 3492 tibi
892 3434 964 3511 ipsi;
991 3434 1045 3493 sed
1065 3444 1170 3496 tamen
