2432 3844
56 255 224 337 np.13,14.]
310 266 422 320 rursu
443 267 494 315 un
515 265 680 317 Arrrcuu
699 269 738 320 11.
763 268 812 339 25.
958 266 999 340 35

57 427 206 484 cebamus
248 424 414 484 Hominum
441 425 561 502 quidem
585 443 699 484 summa
726 444 795 502 erga
822 442 878 484 nos
906 426 1002 485 studia

57 525 302 600 significabantru,
320 525 371 583 sed
390 542 509 601 prorsus
527 525 601 584 vitae
623 523 734 583 taedet:
755 525 795 581 ita
816 534 882 583 sunt
900 526 1000 584 omnia

56 624 192 681 omnium
214 623 395 680 miseriarum
420 622 594 698 plenissima
638 621 732 681 Modo
756 621 876 680 caedem
897 623 1000 681 timue-

56 739 164 791 ramus,
187 738 276 796 quam
298 720 389 778 oratio
412 719 559 779 fortissimi
573 720 660 791 senis,
680 719 718 792 Q.
734 719 875 792 Considii,
889 720 1001 780 discus·

55 829 151 892 serat;
188 836 232 889 ea,
260 836 350 894 quam
377 819 506 896 quotidie
540 820 642 877 timere
672 829 869 894 potueramus,
905 820 1001 877 subito

54 925 159 976 exorta
173 925 226 975 est.
267 915 347 987 Quid
371 918 507 992 quaeris?
528 917 599 974 nihil
620 935 669 975 me
696 918 906 995 rirforlunalrics,
927 917 1002 975 nihil

51 1015 231 1073 fortunatius
255 1023 299 1072 est
317 1013 430 1086 Catu10,
451 1033 518 1073 cum
540 1015 694 1091 splendore
714 1016 797 1086 vitae,
817 1016 838 1086 †
858 1024 920 1073 tum
942 1014 1000 1073 hoc

52 1122 198 1189 tempore.
240 1111 305 1171 Nos
329 1121 427 1170 tamen
455 1113 486 1170 in
512 1111 557 1171 his
581 1113 702 1172 miseriis
725 1123 822 1172 erecto
845 1114 943 1172 ammo
972 1121 1001 1169 et

53 1211 179 1269 minime
207 1212 374 1286 perturbato
403 1228 511 1281 sumus,
544 1210 804 1287 honestissimeque
832 1211 1002 1287 dignitatem

52 1318 188 1368 nostram
208 1317 237 1367 et
255 1327 364 1385 magna
378 1327 447 1367 cura
459 1317 579 1367 tuemur.
623 1323 650 1383 5.
673 1308 830 1386 Pompeius
844 1310 881 1368 de
896 1308 1002 1369 Clodio

53 1410 138 1466 iubet
160 1424 216 1466 nos
236 1425 300 1466 esse
320 1408 382 1465 sine
401 1425 470 1466 cura
489 1417 518 1466 et
539 1425 683 1466 summam
702 1409 732 1465 in
751 1425 807 1467 nos
828 1408 1002 1468 benevolen-

52 1509 128 1564 tiam
149 1507 232 1564 omni
259 1506 390 1565 oratione
417 1507 569 1582 significat.
610 1505 657 1564 Te
683 1505 790 1565 habere
815 1507 1002 1567 consiliorum

53 1613 218 1675 auctorem,
250 1604 473 1663 sollicitudinum
501 1605 622 1675 socium,
653 1605 735 1662 omni
768 1605 799 1663 in
826 1592 1001 1680 cogitatione

53 1703 249 1762 coniunctum
265 1703 371 1781 cupi03
392 1721 451 1778 qua
471 1720 511 1774 re,
529 1713 561 1761 ut
579 1702 733 1762 Numestio
750 1703 885 1762 mandavi
904 1713 1002 1761 tecum

53 1812 87 1859 ut
103 1810 213 1877 ageret,
227 1802 296 1858 item
310 1811 397 1876 atque
410 1818 447 1859 eo
461 1801 486 1859 si
499 1811 597 1877 potest
614 1802 708 1860 aerius
727 1811 756 1860 te
773 1819 856 1879 rogo,
871 1810 903 1860 ut
916 1801 1003 1878 plane

53 1899 94 1958 ad
116 1916 174 1958 uos
196 1899 333 1959 advoles:
354 1899 506 1975 respiraro,
527 1899 552 1958 si
572 1909 601 1958 te
621 1900 729 1958 videro.

288 2090 333 2143 14.
375 2069 432 2128 AD
453 2070 648 2130 ATTICUM
669 2070 709 2130 11.
732 2085 778 2146 25.

208 2177 272 2238 Seu
296 2177 405 2238 Rounu
425 2196 518 2238 unusu
541 2177 667 2248 Suumr,
688 2196 771 2243 nuc.
788 2181 856 2253 695.

383 2303 487 2345 ercurio
507 2303 614 2344 iunco
634 2303 693 2343 sur„

105 2413 129 2451 1.
154 2391 224 2451 Cuu
244 2392 368 2469 aliquem
388 2393 466 2469 apud
486 2402 514 2451 te
535 2390 654 2451 laudaro
676 2399 792 2450 tuorum
812 2389 1000 2458 familiarium,
1052 2412 1056 2420 ¹

58 2492 161 2550 volam
177 2490 257 2548 illum
277 2492 349 2550 scire
367 2509 404 2549 ex
423 2501 451 2549 te
470 2508 518 2549 me
537 2491 745 2562 infecissent
764 2507 857 2564 nuper
877 2508 925 2547 me
947 2489 1003 2546 scis

59 2589 212 2665 scripsisse
237 2589 274 2647 ad
294 2599 324 2647 te
344 2588 380 2647 de
401 2589 540 2648 Varronis
562 2607 631 2664 erga
651 2606 698 2646 me
720 2587 826 2658 officio,
847 2597 875 2645 te
896 2586 936 2645 ad
955 2604 1003 2643 me

59 2687 244 2763 rescripsisse
258 2705 323 2745 eam
337 2704 400 2746 rem
414 2705 545 2746 summae
559 2687 611 2745 tibi
623 2687 762 2762 voluptati
777 2705 859 2759 esse;
881 2684 933 2744 sed
946 2704 1002 2762 ego

59 2785 180 2844 mallem
201 2785 239 2843 ad
260 2785 339 2843 illum
360 2786 525 2860 scripsisses
545 2785 615 2842 mihi
636 2785 716 2842 illum
738 2784 806 2843 satis
824 2782 927 2855 facere,
942 2801 1004 2841 non

59 2902 121 2961 quo
135 2882 250 2954 faceret,
263 2885 315 2942 sed
329 2893 361 2941 ut
374 2883 489 2943 faceret.
530 2883 699 2942 Mirabiliter
713 2884 792 2941 enim
806 2893 935 2942 moratus
949 2893 1002 2952 est,

62 2983 136 3041 sicut
150 2982 236 3053 nosti,
261 2985 347 3038 ἑλικτὰ
371 2985 411 3038 καὶ
434 2985 554 3040 οὐθέν-.
600 2981 659 3041 Sed
681 2999 737 3040 nos
761 2991 894 3040 tenemus
921 2999 1003 3057 prae-

62 3091 182 3157 ceptum
206 3080 285 3152 illud,
309 3083 354 3139 τὰς
375 3088 426 3137 τῶν
445 3080 610 3155 κρατούντων.
651 3080 691 3138 At
712 3080 827 3138 hercule
848 3081 918 3138 alter
938 3091 1004 3138 tuus

63 3178 220 3250 familiaris,
242 3178 391 3250 Hortalus,
412 3197 501 3255 quam
526 3180 613 3255 plena
637 3197 734 3250 manu,
756 3197 845 3254 quam
869 3179 1003 3254 ingenue,

63 3295 153 3354 quam
177 3286 279 3336 ornate
307 3288 421 3337 nostras
447 3277 547 3336 laudes
573 3278 604 3334 in
632 3286 708 3336 astra
732 3277 851 3347 sustulit,
876 3294 942 3336 cum
967 3278 1004 3336 de

62 3376 161 3434 Flacci
176 3386 309 3452 praetura
323 3385 352 3435 et
366 3377 402 3436 de
417 3376 465 3434 illo
479 3385 609 3452 tempore
624 3375 815 3450 Allobrogum
826 3375 947 3434 diceretl
963 3375 1003 3432 sic

63 3477 180 3547 habeto,
201 3493 258 3534 nec
278 3477 421 3536 amantius
443 3494 498 3536 nec
520 3474 755 3536 honorificentius
777 3492 832 3534 nec
857 3473 1003 3551 copiosius

507 3601 559 3642 Da
