2452 3842
236 208 296 289 176
506 221 545 272 ιιι.
572 219 694 269 rottrr
716 217 904 269 orcaaonrs
1052 204 1117 288 [em
1132 217 1170 263 ιιι.

233 372 407 448 Pompeium
430 389 485 430 nec
509 371 637 430 nominis
660 371 704 430 sui
726 389 781 429 nec
802 387 898 429 rerum
919 379 1065 446 gestarum
1086 367 1168 444 gloria

233 489 329 546 neque
343 470 430 528 etiam
444 486 547 544 regum
562 487 596 526 ac
610 469 763 527 nationum
777 467 925 539 clientelis
941 485 1014 544 quas
1033 476 1168 526 ostentare

233 569 335 628 crebro
357 567 476 636 solebat,
499 585 563 626 esse
588 575 690 637 tutum,
713 577 742 625 et
769 567 826 626 hoc
855 567 950 632 etiam,
971 566 1052 643 quod
1076 564 1167 622 infimo

233 668 337 743 cuique
365 665 495 740 contigit,
524 663 562 721 illi
591 682 652 722 non
680 681 768 740 posse
796 665 972 740 contingere,
998 675 1030 722 ut
1057 664 1168 722 honeste

233 765 361 842 effugere
388 763 489 839 possit,
517 761 602 837 pulso
636 761 727 833 Italia,
756 763 869 821 amissis
902 763 1063 838 Hispaniis
1091 769 1168 835 capto

233 864 360 922 exercitu
386 869 531 930 veterano,
561 858 774 918 circumvallato
804 877 882 918 nunc
915 860 1059 936 denique;
1095 855 1168 934 quod

232 961 332 1020 neseio
361 977 399 1018 an
426 957 496 1016 nulli
528 975 668 1032 umquam
701 967 802 1017 nostro
834 959 968 1017 acciderit
1003 959 1169 1036 imperatori.

231 1059 330 1131 Quam
344 1059 385 1117 ob
398 1075 470 1126 rem,
485 1055 555 1132 quid
569 1065 619 1114 aut
632 1054 679 1113 ille
693 1073 809 1132 sperare
824 1057 917 1132 possit
931 1067 980 1114 aut
995 1069 1034 1127 tu,
1044 1058 1168 1115 animum

232 1160 348 1217 adverte
370 1171 423 1231 pro
444 1163 495 1212 tua
514 1153 683 1228 prudentia;
705 1155 746 1212 sic
768 1155 847 1212 enim
867 1154 1000 1214 facillime
1021 1157 1104 1232 quod
1125 1158 1169 1215 tibi

231 1263 413 1324 utilissimum
428 1261 480 1318 erit
494 1259 607 1318 consilii
622 1260 727 1335 capies.
769 1261 845 1318 Illud
859 1269 955 1319 autem
970 1281 988 1319 a
1003 1271 1031 1320 te
1046 1272 1124 1338 peto,
1135 1273 1168 1330 ut,

232 1365 256 1422 si
281 1364 339 1420 iarn
363 1360 409 1417 ille
433 1357 577 1416 evitaverit
601 1357 659 1415 hoc
684 1359 842 1433 periculum
867 1369 896 1417 et
920 1377 951 1418 se
977 1361 1120 1420 abdiderit
1145 1364 1170 1419 in

232 1462 363 1529 classem,
385 1468 416 1515 tu
438 1457 493 1514 tuis
514 1457 600 1514 rebus
621 1456 755 1552 consulas
776 1466 806 1514 et
826 1457 981 1534 aliquando
1002 1460 1055 1517 tibi
1080 1461 1170 1536 potius

231 1577 320 1637 quarn
342 1557 430 1615 cuivis
451 1555 490 1612 sis
511 1555 637 1612 amicus:
664 1556 731 1612 satis
756 1554 864 1613 sactum
888 1565 932 1614 est
953 1558 1011 1614 iam
1036 1576 1054 1616 a
1080 1569 1109 1617 te
1133 1559 1171 1616 vel

231 1658 327 1719 officio
348 1656 392 1714 vel
413 1653 610 1723 familiaritate,
625 1655 695 1712 satis
717 1653 824 1712 factum
844 1656 931 1713 etiam
950 1657 1083 1732 partibus
1103 1660 1171 1717 etei
1209 1687 1210 1704 ι

232 1759 272 1816 rei
291 1755 431 1833 publicae,
446 1771 535 1829 quam
554 1762 585 1810 tu
598 1753 753 1827 probabas.
797 1771 823 1826 3.
846 1753 1002 1830 Reliquum
1016 1766 1063 1816 est
1078 1765 1117 1826 ut,
1128 1759 1172 1816 ubi

231 1875 310 1916 nunc
331 1863 374 1913 est
394 1869 439 1911 res
460 1850 582 1927 publica,
603 1851 641 1908 ibi
664 1851 753 1909 simus
774 1852 871 1926 potius
892 1871 988 1930 quam,
1004 1854 1077 1914 dum
1099 1858 1173 1915 illam

230 1966 356 2015 veterem
383 1968 546 2028 sequamur,
571 1950 661 2008 simus
685 1950 715 2008 in
740 1950 827 2009 nulla.
870 1951 937 2024 Qua
961 1971 992 2011 re
1015 1955 1114 2028 velim,
1137 1959 1172 2014 mi

230 2052 435 2113 iucundissime
452 2047 565 2117 Cicer0,
581 2048 605 2105 si
620 2047 693 2106 forte
707 2045 865 2124 Pompeius
880 2050 980 2126 pulsus
995 2051 1041 2110 his
1057 2039 1173 2132 quoque

230 2154 301 2211 locis
322 2163 420 2208 rursus
445 2147 514 2206 alias
539 2146 673 2221 regiones
698 2156 795 2223 petere
821 2159 950 2225 cogatur,
971 2160 1003 2208 ut
1021 2161 1055 2210 tu
1078 2163 1110 2212 te
1134 2155 1174 2212 vel

231 2252 362 2310 Athenas
376 2247 421 2306 vel
435 2247 464 2302 in
479 2246 610 2322 quamvis
624 2246 750 2320 quietam
768 2247 890 2323 recipias
909 2249 1069 2322 civitatem3
1097 2253 1174 2329 quod
1207 2325 1208 2336 ἵ

229 2353 254 2412 si
275 2351 331 2408 eris
352 2347 485 2415 facturus
500 2343 585 2401 velim
604 2343 674 2400 mihi
694 2346 810 2416 scribas,
828 2355 860 2403 ut
878 2363 942 2422 ego,
960 2349 983 2406 si
1001 2348 1060 2406 ullo
1082 2353 1173 2410 modo
1207 2345 1208 2390 l

231 2460 342 2529 potero,
357 2445 394 2504 ad
413 2453 441 2503 te
456 2443 597 2503 advolem.
616 2455 620 2468 ·
641 2441 852 2520 Quaecumque
866 2445 903 2503 de
918 2455 967 2502 tua
981 2445 1127 2522 dignitate
1141 2453 1174 2508 ab
1207 2435 1208 2497 l

229 2553 403 2624 imperatore
418 2552 501 2601 erunt
515 2541 704 2616 impetranda,
719 2561 778 2619 qua
796 2553 839 2602 est
857 2543 1033 2603 humanitate
1053 2546 1172 2618 Caesar,

229 2647 397 2708 saclllimum
410 2642 463 2699 erit
476 2641 514 2698 ab
532 2659 569 2699 eo
588 2640 640 2697 tibi
656 2641 712 2716 ipsi
731 2641 900 2716 impetrare;
923 2652 952 2700 et
970 2661 1051 2702 meas
1070 2654 1173 2708 tamen

230 2761 330 2824 preces
358 2740 437 2816 apud
463 2755 531 2797 eum
556 2756 616 2796 non
640 2739 793 2797 minimum
821 2741 997 2800 auctoritatis
1024 2741 1174 2806 habituras

229 2855 311 2922 puto.
351 2839 413 2898 Erit
431 2849 497 2896 tuae
512 2855 629 2913 quoque
648 2837 715 2896 fidei
730 2847 758 2896 et
771 2838 956 2898 humanitatis
973 2858 1081 2914 curare,
1099 2857 1134 2905 ut
1153 2849 1174 2904 is

228 2939 400 3008 tabellarius,
415 2953 503 3014 quern
522 2936 560 2995 ad
577 2946 606 2995 te
626 2936 699 3008 misi,
714 2937 815 2996 reverti
833 2939 924 3014 possit
943 2939 981 2999 ad
999 2957 1047 3000 me
1067 2953 1173 3004 etate
1205 2945 1206 2980 ³

226 3042 297 3102 mihi
310 3040 416 3098 litteras
430 3035 540 3096 referat.
1205 3033 1206 3058 l
