2432 3844
203 218 241 262 10
474 211 514 262 lu.
537 211 655 262 rurali
677 211 863 262 cressonis
1036 199 1112 282 [rm
1127 215 1144 261 1.

198 369 268 428 mihi
290 367 455 428 Canusinus
475 379 540 428 tuus
561 369 669 446 hospes
690 369 823 440 reddidit,
846 369 967 440 tertiam,
988 385 1092 446 quam,
1117 379 1145 428 ut

198 468 306 537 scribis,
330 485 437 526 ancora
457 468 551 528 soluta
572 468 609 527 de
630 468 751 545 phaselo
776 467 897 540 dedisti;
923 486 999 544 quae
1024 468 1145 528 fuerunt

196 583 309 636 omnes
332 573 364 624 ut
383 566 533 648 rhetorum
560 567 641 642 pueri
667 567 831 642 loquuntur,
855 584 923 625 cum
950 567 1144 626 humanitatis

197 681 315 740 sparsae
334 664 402 737 sale,
417 674 478 724 tum
497 665 625 741 insignes
644 666 750 724 amoris
769 664 862 724 notis:
884 666 990 740 quibus
1008 665 1146 742 epistolis

198 781 264 824 sum
292 765 428 840 equidem
455 765 508 822 abs
536 773 564 822 te
592 764 742 824 lacessitus
770 763 808 822 ad
836 764 1064 836 rescribendum,
1092 765 1145 824 sed
1208 753 1212 828 s

199 863 307 922 idcirco
319 881 383 922 sum
393 863 509 932 tardior,
519 863 599 938 qnod
613 881 672 921 non
687 863 803 922 invenio
815 861 930 920 fidelem
943 863 1128 922 tabellarium
1139 883 1148 933 ;
1209 923 1211 930 ,

199 972 305 1038 quotus
324 961 402 1020 enim
421 962 543 1038 quisque
562 971 613 1032 est,
629 962 678 1039 qui
698 961 850 1039 epistolam
871 961 959 1038 paulo
978 962 1147 1036 graviorem
1207 948 1212 1026 s

197 1061 272 1120 ferre
300 1061 399 1137 possit,
423 1061 478 1122 nisi
506 1079 571 1120 eam
592 1061 764 1136 pellectione
786 1061 934 1122 relevarit?
959 1061 1073 1120 accedit
1099 1079 1149 1130 e0,
1211 1121 1212 1142 ,

198 1159 279 1236 quod
296 1158 367 1218 mihi
385 1156 472 1232 non*‚
487 1159 655 1237 utquisque
671 1160 703 1218 in
720 1160 841 1236 Epirum
855 1160 1064 1239 proficiscitur:
1088 1178 1148 1236 ego

199 1259 278 1316 enim
304 1267 333 1316 te
357 1259 479 1317 arbitror
500 1259 592 1320 caesis
613 1258 692 1334 apud
711 1259 897 1318 Amaltheam
917 1269 997 1318 tuam
1018 1259 1147 1318 victimis

200 1357 296 1416 statim
310 1374 374 1416 esse
389 1357 427 1415 ad
441 1356 596 1433 Sicyonem
606 1357 839 1436 oppugnandum
849 1357 1028 1434 proiectum3
1045 1375 1145 1435 neque

199 1465 299 1515 tamen
317 1454 347 1514 id
363 1456 461 1532 ipsum
474 1467 583 1516 certum
597 1457 701 1528 habeo,
714 1458 832 1533 quando
847 1456 885 1515 ad
898 1456 1062 1515 Antonium
1076 1475 1146 1533 pro·

200 1554 328 1614 ficiscare
352 1564 401 1613 aut
425 1554 496 1632 quid
517 1555 548 1614 in
573 1554 665 1630 Epiro
687 1557 827 1631 temporis
850 1573 962 1632 ponas:
986 1555 1026 1614 ita
1046 1573 1146 1631 neque

201 1652 335 1712 Achaicis
368 1653 533 1713 hominibus
567 1671 661 1730 neque
693 1652 849 1730 Epiroticis
880 1654 967 1730 paulo
995 1653 1146 1714 liberiores

200 1751 307 1810 litteras
318 1752 498 1812 committere
510 1752 613 1812 audeo.
656 1773 681 1812 a.
703 1753 777 1814 Sunt
790 1763 887 1812 autern
901 1762 967 1829 post
978 1751 1143 1814 discessum

201 1867 219 1908 a
239 1868 287 1908 me
307 1859 389 1910 tuum
409 1869 455 1911 res
476 1851 583 1927 dignae
601 1851 700 1912 litteris
720 1853 835 1922 nostrie,
857 1851 989 1911 sednon
1008 1852 1144 1910 commit-

201 1949 306 2009 tendae
326 1949 387 2007 eius
406 1951 486 2012 modi
505 1950 642 2026 periculo,
656 1959 688 2009 ut
707 1960 756 2010 aut
774 1951 886 2012 interire
904 1961 953 2009 aut
971 1952 1075 2027 aperiri
1093 1963 1145 2010 aut

203 2048 334 2124 intercipi
355 2049 476 2124 possint.
519 2049 647 2110 Primum
668 2049 753 2126 igitur
773 2050 844 2109 scito
864 2050 991 2126 primurn
1010 2067 1059 2108 me
1079 2067 1144 2108 non

201 2165 265 2208 esse
299 2157 433 2224 rogatum
467 2147 638 2208 sententiam
672 2148 927 2225 praepositumque
959 2165 1024 2208 esse
1055 2148 1144 2208 nobis

202 2247 415 2323 pacificatorem
439 2246 641 2322 Allobrogum,
665 2248 752 2323 idque
779 2246 1013 2306 admurmurante
1040 2255 1144 2306 senatu

202 2365 296 2423 neque
311 2365 358 2406 me
372 2347 461 2406 invito
474 2365 541 2408 esse·
552 2346 678 2418 factum;
697 2363 762 2404 sum
776 2346 854 2404 enirn
869 2354 897 2404 et
910 2347 947 2404 ab
961 2345 1144 2406 observando

202 2443 320 2504 homine
347 2461 482 2520 perverso
507 2445 586 2515 liber,
612 2453 641 2503 et
664 2444 702 2502 ad
727 2444 895 2520 dignitatem
919 2444 950 2502 in
973 2443 1145 2519 republica

201 2542 382 2602 retinendam
393 2552 495 2604 contre
505 2543 579 2602 illius
588 2543 763 2604 voluntatem
775 2543 892 2612 solutus,
902 2550 931 2602 et
940 2542 986 2601 ille
998 2542 1143 2602 secundus

201 2641 232 2700 in
255 2639 381 2700 dicendo
404 2641 486 2702 locus
508 2641 595 2702 habet
616 2641 815 2702 auctoritatem
837 2659 931 2717 paene
953 2640 1088 2717 principis
1111 2653 1143 2702 et

203 2739 379 2799 voluntatem
417 2757 478 2800 non
516 2741 602 2802 nimis
637 2737 799 2800 devinctam
833 2739 974 2798 beneficio
1008 2739 1142 2798 consulis.

203 2837 319 2896 Tertius
353 2847 397 2896 est
432 2837 561 2910 Catulus,
595 2847 721 2915 quartus,
752 2839 777 2898 si
810 2838 897 2898 etiam
931 2838 988 2897 hoc
1020 2838 1141 2914 quaeris,

203 2937 386 2996 Hortensius.
429 2935 540 2996 Consul
560 2947 657 2996 autem
677 2937 740 3013 ipse
761 2954 850 3014 parvo
871 2936 968 2995 animo
994 2946 1022 2994 et
1043 2953 1139 3013 pravo,

202 3045 313 3094 tanturn
338 3035 481 3095 cavillator
505 3053 611 3111 genere
635 3036 684 3095 illo
707 3054 836 3106 moroso,
861 3034 1052 3111 quodetiam
1077 3034 1138 3094 sine

202 3134 352 3193 dicacitate
366 3134 481 3200 ridetur,
492 3133 564 3193 facie
579 3136 672 3211 magis
686 3152 774 3210 quarn
789 3133 898 3194 facetiis
914 3133 1057 3206 ridiculus,
1070 3133 1138 3193 nihil

201 3251 291 3309 agens
314 3250 381 3293 cum
403 3233 577 3309 republica,
599 3234 746 3294 seiunctus
770 3235 807 3292 ab
829 3233 1023 3309 optimatibus,
1044 3249 1137 3308 aquo

201 3332 271 3390 nihil
285 3349 384 3408 speres
398 3333 467 3390 boni
481 3334 521 3392 rei
535 3332 677 3408 publicae,
692 3333 760 3407 quia
774 3349 834 3390 non
850 3331 916 3401 volt,
931 3331 1001 3390 nihil
1016 3325 1134 3414 [speres]

201 3432 278 3502 mali,
293 3431 361 3508 quia
379 3449 440 3490 non
458 3431 553 3490 audet.
594 3429 666 3491 Eius
685 3439 781 3490 autem
801 3429 912 3506 collega
929 3439 956 3488 et
970 3429 1000 3488 in
1014 3447 1059 3488 me
1073 3447 1134 3507 per·
