2432 3844
22 264 75 322 sp.
94 274 133 319 η,
147 247 199 330 23.]
256 258 370 308 aprsr.
394 260 443 307 nn
466 258 586 324 Qurnr.
610 255 715 307 arar.
740 261 778 307 rr.
802 264 832 330 3.
935 257 976 325 59

22 417 115 493 apud
143 417 316 494 Pompeium
343 419 443 478 cenavi
470 428 630 494 nactusque
657 428 772 494 ternpus
799 417 856 475 hoc
884 417 978 491 magis

20 518 176 574 idoneum
198 535 287 593 quam
306 535 445 594 umquam
468 526 560 588 antea,
583 517 662 593 quod
680 526 748 592 post
767 525 850 574 tuum
869 515 977 574 disces-

21 615 141 673 sumis
156 616 219 674 dies
233 615 453 674 honestissimus
471 617 555 674 nobis
575 616 666 673 fuerat
684 616 715 672 in
734 624 844 684 senatu,
858 615 897 672 ita
913 631 978 671 sum

21 733 102 772 cum
127 713 176 772 illo
198 714 320 784 locutus,
349 724 381 772 ut
408 714 479 772 mihi
502 714 613 772 viderer
636 714 766 771 animum
789 711 915 770 hominis
940 712 978 768 ab

22 812 117 870 omni
137 812 194 870 alia
215 813 390 888 cogitatione
412 813 450 870 ad
471 822 550 870 tuam
574 813 742 887 dignitatem
764 811 903 869 tuendam
922 818 978 866 tra·

22 911 162 968 ducere:
186 928 274 986 quem
288 929 345 986 ego
358 912 454 988 ipsum
473 930 540 970 cum
557 893 652 982 audio,
666 929 785 988 prorsus
804 927 871 967 eum
887 908 977 966 libero

21 1009 117 1066 omni
141 1010 303 1085 suspitione
326 1010 506 1086 cupiditatis;
529 1029 595 1068 curn
620 1019 717 1067 autem
741 1009 802 1067 eius
825 1007 978 1066 familiares

21 1107 170 1164 omnium
188 1108 324 1165 ordinum
341 1109 434 1178 video,
454 1109 607 1184 perspicio,
625 1109 655 1166 id
674 1107 754 1185 quod
770 1108 828 1165 iarn
842 1106 978 1165 omnibus

22 1216 75 1264 est
90 1215 235 1282 apertum,
252 1215 344 1265 totam
364 1224 426 1264 rem
447 1208 533 1266 istam
551 1208 609 1264 iam
628 1207 741 1282 pridem
755 1225 772 1265 a
787 1205 871 1265 certis
885 1205 978 1264 homi-

22 1307 131 1376 nibuS,
161 1322 222 1362 non
249 1305 337 1364 invito
366 1324 434 1381 rege
462 1307 527 1381 ipso
562 1306 788 1382 consiliariisque
815 1305 885 1374 eius,
914 1321 979 1362 esse

23 1411 210 1478 corruptam.
256 1421 284 1474 4.
312 1403 398 1462 Haec
422 1404 523 1480 scripsi
548 1404 612 1462 ad.
635 1423 691 1462 xvr.
717 1404 783 1462 Kal.
807 1403 978 1462 Februarias

24 1514 101 1560 ante
116 1502 231 1561 lucem:
253 1521 290 1560 eo
305 1502 350 1561 die
368 1513 485 1562 senatus
505 1514 566 1561 erat
583 1503 701 1561 futurus.
744 1503 808 1561 Nos
822 1503 853 1559 in
867 1511 978 1568 senatu,

25 1619 124 1678 quem
139 1600 178 1658 ad
192 1601 314 1658 modum
335 1619 429 1677 spem,
450 1601 620 1677 dignitatern
639 1611 777 1672 nostram,
794 1611 825 1659 ut
839 1609 935 1676 potest
948 1601 979 1657 in

25 1709 115 1758 tanta
131 1698 286 1757 hominum
304 1699 425 1776 perfidia
444 1709 473 1758 et
493 1701 651 1775 iniquitate,
671 1700 858 1758 retinebimus
868 1719 876 1771 ;
899 1699 980 1776 quod

26 1799 69 1856 ad
96 1797 272 1874 popularem
294 1798 436 1856 rationem
456 1800 563 1870 attinet,
585 1799 643 1856 hoc
667 1799 797 1856 videmur
819 1816 884 1856 esse
908 1815 979 1856 con-

27 1897 136 1966 secuti,
158 1905 190 1954 ut
213 1914 251 1954 ne
273 1897 345 1972 quid
367 1898 414 1973 agi
438 1916 506 1956 cum
531 1897 641 1973 populo
665 1906 714 1955 aut
737 1897 822 1956 salvis
843 1895 977 1972 auspiciis

29 2005 84 2053 aut
111 1994 198 2052 salvis
225 1995 337 2070 legibus
361 2005 410 2054 aut
438 1996 562 2071 denique
584 1996 646 2054 sine
666 1997 694 2053 vi
715 2004 821 2071 posset.
863 1993 910 2052 De
934 1993 978 2051 his

28 2095 123 2152 rebus
146 2092 248 2168 pridie,
266 2111 355 2169 quarn
376 2091 448 2152 haec
470 2095 580 2170 scripsi,
603 2103 719 2152 senatus
740 2093 893 2152 auctoritas
913 2110 978 2167 gra·

29 2192 155 2251 vissima
174 2191 335 2250 intercessit
345 2211 354 2263 ;
383 2193 428 2250 cui
451 2210 518 2250 curn
540 2192 614 2251 Cato
635 2201 664 2249 et
684 2191 823 2250 Caninius
844 2191 978 2248 interces-

30 2293 151 2360 sissent,
172 2298 271 2347 tamen
294 2298 338 2347 est
365 2291 541 2366 perscripta:
571 2308 636 2348 eam
665 2289 703 2347 ad
726 2298 754 2348 te
775 2289 894 2346 missam
914 2304 978 2345 esse

30 2390 166 2450 arbitror.
208 2387 254 2447 De
274 2388 375 2446 ceteris
394 2389 488 2459 rebus
507 2389 644 2465 quicquid
661 2389 715 2446 erit
728 2396 833 2457 actum,
855 2385 979 2444 scribam

30 2490 71 2547 ad
98 2498 137 2558 te,
163 2497 199 2557 et,
225 2497 257 2545 ut
281 2505 370 2563 quam
395 2488 553 2546 rectissime
573 2497 682 2564 agatur,
707 2486 787 2544 omni
811 2502 878 2543 mea
901 2503 977 2552 cura,

30 2605 136 2664 opera,
158 2586 314 2662 diligentia,
335 2587 427 2662 gratia
447 2587 614 2663 providebo

161 2735 208 2792 23.
249 2732 306 2791 AD
328 2733 527 2805 QUINTUM
547 2733 749 2793 FRATREM
769 2733 809 2792 11.
833 2753 859 2807 3.

101 2850 168 2910 Sca.
191 2848 300 2908 Rouna
320 2868 396 2908 Pam.
418 2848 460 2910 In.
482 2850 569 2909 Fam.
591 2869 629 2908 ar
650 2870 696 2908 xv.
718 2849 795 2908 Kar..
817 2849 918 2908 Mirr.

424 2967 508 3009 Anac.
530 2952 597 3023 698.

241 3064 355 3106 utacus
375 3065 485 3114 Quirino
504 3066 613 3106 ranam
632 3065 777 3106 snrurnn.

82 3185 108 3223 1.
143 3161 253 3222 Scansr
284 3162 321 3220 ad
349 3172 377 3222 te
405 3172 491 3222 antea
521 3164 686 3240 superiora;
716 3181 794 3221 nunc
823 3180 979 3238 cognosce,

35 3273 141 3342 postea
162 3280 237 3338 quae
258 3265 316 3322 sint
336 3271 417 3320 acta:
446 3280 464 3320 a
484 3260 550 3320 Kal.
572 3261 657 3320 Febr.
677 3261 837 3337 legationes
858 3261 888 3318 in
908 3260 979 3318 Idus

36 3364 123 3422 Febr.
138 3361 339 3420 reiiciebantur
347 3381 355 3432 3
374 3377 410 3418 eo
425 3360 471 3419 die
485 3378 532 3419 res
546 3360 680 3418 confecta
694 3377 753 3417 non
768 3368 818 3418 est.
854 3377 880 3417 a.
889 3359 917 3416 d.
928 3377 980 3416 1111.

38 3463 118 3521 Non.
140 3459 225 3518 Febr.
248 3459 320 3520 Milo
342 3460 452 3531 adfuit3
482 3459 509 3517 ei
530 3458 687 3535 Pompeius
708 3458 865 3516 advocatus
886 3456 979 3527 venit;
