2454 3842
35 259 98 320 app.
112 267 157 320 ³3,
170 238 225 330 34]
243 253 356 304 amr.
378 255 428 302 An
449 227 673 304 summanus
698 255 774 307 vrrr.
792 242 820 306 8.
950 259 993 330 95

37 407 94 464 sed
121 424 191 464 cum
220 415 338 464 senatus
365 405 482 464 habitus
510 416 587 465 esset
615 405 653 464 ad
678 405 821 483 Apollinis
850 427 875 468 a.
901 410 928 468 d.
955 430 992 469 x1.

38 504 110 562 Kal.
128 504 208 562 Sext.
223 513 252 562 et
271 504 422 563 referretur
441 505 477 563 de
498 504 643 581 stipendio
658 503 712 563 Cn.
727 505 868 581 Pompeii,
882 509 993 566 mentio

38 603 121 661 sacta
141 609 185 660 est
205 604 240 661 de
260 603 374 678 legione
393 621 437 674 ea,
457 621 546 679 quam
565 621 725 679 expensam
744 603 806 660 tulit
826 603 859 662 C.
876 603 995 664 Caesari

40 700 215 776 Pompeius,
238 718 296 776 quo
321 719 444 759 numero
469 709 554 772 esset,
577 700 677 776 quoad
701 711 852 776 peteretur.
883 702 994 772 †Cum

41 799 207 874 Pompeius
229 803 309 856 ‘esse
329 799 360 855 in
384 796 497 870 Gallia,'
517 808 635 857 coactus
656 807 700 856 est
721 799 815 857 dicere
836 799 994 878 Pompeius

42 911 78 951 se
98 891 247 968 legionem
266 891 465 963 abducturum,
481 893 532 952 sed
551 910 612 951 non
631 892 727 952 statim
747 894 801 952 sub
815 895 994 954 mentionem

43 1001 75 1051 et
108 991 267 1049 convitium
295 992 523 1058 obtrectatorum
535 1011 542 1063 ;
578 991 646 1049 inde
674 991 864 1068 interrogatus
892 1002 933 1052 est
958 997 995 1054 de

42 1089 235 1150 successione
257 1086 291 1146 C.
309 1089 451 1160 Caesaris,
474 1090 510 1148 de
532 1107 590 1166 qua
612 1085 681 1170 [hoc
703 1099 747 1148 est
767 1090 803 1148 de
826 1090 995 1175 provinciis]

43 1188 190 1266 placitum
213 1196 265 1258 est,
289 1197 320 1244 ut
344 1205 433 1263 quam
461 1187 588 1262 primum
615 1187 654 1245 ad
681 1188 783 1246 urbem
811 1200 997 1253 reverteretur

44 1287 106 1345 Cn.
122 1285 289 1361 Pompeius
303 1295 334 1342 ut
351 1303 450 1343 coram
467 1303 503 1343 eo
524 1286 561 1344 de
580 1287 765 1344 successione
785 1289 997 1362 provinciamm

46 1393 186 1462 ageretur
197 1403 206 1455 ;
236 1401 306 1441 nam
327 1383 491 1442 Ariminum
513 1384 550 1442 ad
574 1383 732 1442 exercitum
756 1385 913 1462 Pompeius
938 1399 999 1446 erat

45 1487 152 1552 iturus,
173 1491 202 1539 et
223 1484 319 1540 statim
339 1482 378 1541 iit.
419 1483 495 1540 Puto
518 1483 618 1540 Idibus
641 1482 719 1541 Sext.
738 1482 774 1541 de
796 1503 831 1542 ea
851 1504 882 1543 re
901 1496 998 1545 actum

47 1582 95 1641 iri.
138 1579 271 1638 Profecto
294 1589 343 1638 aut
363 1581 536 1657 transigetur
556 1581 672 1656 aliquid,
695 1592 744 1639 aut
768 1584 888 1658 turpiter
911 1585 1000 1643 inter-

48 1681 181 1739 cedetur.
224 1678 303 1736 Nam
323 1679 354 1736 in
375 1679 551 1755 disputando
574 1680 698 1738 coniecit
718 1679 797 1738 illam
818 1699 921 1740 vocem
944 1683 999 1743 Cn.

48 1779 222 1854 Pompeius
243 1796 347 1836 omnes
366 1788 500 1855 oportere
521 1779 633 1836 senatui
655 1778 734 1837 dicto
755 1779 906 1840 audientes
927 1801 1001 1842 esse.

48 1879 122 1953 Ego
157 1887 255 1935 tamen
291 1877 332 1935 sic
366 1876 438 1935 nihil
472 1886 619 1951 exspecto,
651 1895 709 1954 quo
743 1878 835 1936 modo
870 1880 1004 1953 Paulum,

50 1975 208 2035 consulem
242 1975 435 2050 designatum,
470 1975 597 2051 primum
635 1976 808 2034 sententiam
848 1978 1001 2039 dicentem.

52 2090 84 2150 5.
108 2073 231 2150 Saepius
258 2083 287 2131 te
316 2074 462 2132 admoneo
490 2074 527 2132 de
552 2074 719 2151 syngrapha
744 2075 882 2147 Sittiana;
915 2079 1003 2154 cupio

52 2175 137 2232 enim
165 2183 193 2230 te
219 2173 385 2248 intellegere
413 2191 478 2230 eam
506 2190 568 2230 rem
592 2174 630 2231 ad
657 2191 705 2230 me
730 2173 812 2231 valde
840 2175 983 2249 pertinere
995 2198 1004 2248 ;

52 2275 128 2331 item
157 2270 194 2330 de
222 2271 379 2348 pantheris,
402 2280 435 2329 ut
463 2269 614 2347 Cibyratas
642 2290 772 2331 arcessas
800 2290 950 2348 curesque,
973 2285 1005 2334 ut

52 2369 131 2432 mihi
157 2369 312 2441 uehentum
347 2379 495 2446 praeterea
522 2368 684 2427 nuntiatum
715 2369 800 2427 nobis
829 2377 869 2426 est
894 2381 922 2428 et
950 2391 1004 2448 pro

53 2478 140 2529 certo
158 2468 217 2526 iam
237 2468 366 2538 habetur,
383 2486 483 2544 regem
499 2467 728 2525 Alexandrinum
749 2476 912 2541 mortuum;
935 2472 1005 2546 quid

53 2567 131 2627 mihi
156 2567 287 2638 suadeas,
311 2586 370 2644 quo
395 2568 486 2625 modo
510 2585 634 2642 regnum
655 2566 724 2624 illud
747 2586 778 2625 se
803 2567 916 2639 habeat,
941 2571 1031 2645 quis,

54 2675 204 2746 procuret,
220 2666 370 2742 diligenter
384 2666 454 2724 mihi
468 2666 638 2742 perscribas.
681 2665 721 2723 K.
737 2665 815 2724 Sext.

245 2845 292 2899 34.
335 2809 392 2899 An
413 2838 666 2898 rum-munus
688 2838 773 2898 vm.
797 2845 824 2898 a.

134 2953 199 3014 Scn.
222 2955 331 3014 Rounx
352 2973 479 3014 muuuru
500 2973 594 3014 unusx
615 2954 749 3014 Ocrounr
771 2975 854 3016 nuc.
879 2969 893 3030 7
921 2977 946 3032 3.

356 3080 477 3122 carmus
497 3079 632 3120 crcnrrom
652 3080 713 3120 sur..
768 3139 771 3144 .

107 3195 133 3234 1.
154 3175 225 3235 Ersr
247 3177 284 3235 de
301 3195 332 3234 re
351 3176 468 3253 publica
486 3194 562 3252 quae
580 3176 631 3234 tibi
650 3177 775 3234 scribam
792 3177 897 3249 habeo,
911 3188 1010 3236 tamen

59 3274 135 3336 nihil
169 3276 250 3351 quod
282 3277 377 3352 magis
408 3276 574 3352 gavisumm
608 3287 636 3334 te
667 3286 767 3350 putem
798 3276 893 3336 habeo
922 3295 1011 3353 quam

58 3378 139 3434 hoc:
172 3375 245 3432 scito
274 3372 307 3432 C.
330 3373 537 3451 Sempronium
566 3373 686 3445 Rufum,
714 3369 861 3456 [Rufum]
887 3376 946 3433 mel
975 3393 1010 3432 ac

60 3471 183 3537 delicias
198 3481 272 3544 tuas,
284 3472 459 3544 calumniam
473 3473 603 3532 maximo
618 3473 722 3550 plausu
736 3474 845 3532 tulisse.
888 3471 1012 3544 Quaeris
