2436 3836
49 238 106 298 Ep.
122 235 180 301 ηε,
193 223 258 307 ¹4t·]
289 203 402 285 nrrsr.
418 235 467 283 An
482 235 702 284 ramrrranss
716 237 782 287 rrr.
802 240 849 286 ro.
954 235 1014 302 277

50 387 172 444 merita
186 397 338 458 exacuunt,
354 406 391 446 ne
407 389 478 465 quid
496 397 545 446 aut
559 407 596 445 ex
610 405 711 446 amore
730 397 778 445 aut
793 406 829 444 ex
844 386 950 444 iudicio
965 396 1015 445 tuo

53 486 198 560 perdam.
242 485 322 562 Opto
338 496 369 544 ut
388 487 459 543 mihi
474 486 557 544 liceat
571 487 630 544 iam
644 486 788 562 praesenti
808 487 915 561 pietate
933 502 1015 543 meo·

54 602 133 640 rum
156 583 318 642 officiorum
332 595 381 641 tua
398 584 538 641 beneficia
557 583 609 640 tibi
626 583 721 642 lacere
733 583 911 641 iucundiora.
954 601 1015 640 vrrr.

57 681 139 740 Idus
155 681 219 740 Iun.
235 680 389 752 Cularone,
404 701 439 739 ex
455 681 559 739 finibus
574 680 777 756 Allobrogum.

243 842 309 896 147.
352 838 410 896 AD
431 835 682 897 FAMILIARES
704 835 773 893 XII.
799 855 844 894 10.

132 951 198 1011 Scri.
222 951 330 1011 Rouar
351 970 480 1011 manure
501 969 594 1010 urusu
616 950 759 1022 Qurnrrnr
780 970 862 1010 nuc.
887 964 953 1026 711.

394 1077 496 1118 crcrao
517 1077 612 1118 cnssro
633 1076 693 1116 sar.

114 1191 139 1231 1.
161 1171 295 1245 Lamnus
312 1184 377 1232 tuus
395 1174 507 1242 adfinis,
522 1190 606 1230 meus
623 1170 776 1242 familiaris,
791 1190 834 1247 pr.
849 1171 888 1231 K.
905 1172 1016 1244 Quinc-

62 1273 134 1331 tiles
149 1274 297 1331 sententiis
312 1274 449 1331 omnibus
461 1272 552 1330 hostis
567 1289 585 1328 a
596 1280 699 1329 senatu
710 1270 850 1330 iudicatus
862 1283 905 1330 est
916 1274 1016 1331 ceteri·

65 1388 137 1446 que,
147 1373 195 1446 qui
206 1389 264 1428 una
275 1388 342 1428 cum
352 1371 400 1429 illo
412 1390 429 1429 a
439 1389 469 1428 re
481 1370 597 1445 publica
609 1368 787 1442 defecerunt;
802 1372 907 1445 quibus
918 1381 1016 1430 tamen

65 1469 107 1526 ad
129 1469 281 1526 sanitatem
302 1469 442 1527 redeundi
466 1480 532 1526 ante
554 1467 592 1525 K.
617 1468 695 1544 Sept.
718 1479 845 1544 potestas
866 1470 943 1528 iacta
964 1483 1016 1530 est.
1081 1519 1084 1524 .

66 1568 166 1626 Fortis
181 1586 250 1626 sane
266 1579 391 1638 senatus
406 1567 457 1626 sed
472 1569 598 1625 maxime
613 1587 665 1644 spe
681 1569 800 1626 subsidii
812 1571 861 1627 tui.
903 1569 1016 1629 Bellum

67 1666 199 1742 quidem,
213 1685 281 1723 cum
298 1667 371 1724 haec
393 1667 563 1736 scribebam,
580 1684 650 1722 sane
667 1685 807 1741 magnum
829 1679 890 1726 erat
910 1670 1016 1728 scelere

68 1776 99 1823 et
113 1765 224 1822 levitate
240 1765 352 1841 Lepidi.
393 1765 458 1823 Nos
477 1765 513 1823 de
528 1765 681 1822 Dolabella
695 1767 834 1841 quotidie,
849 1786 923 1842 quae
938 1769 1017 1827 volu-

67 1881 146 1933 muS,
161 1863 302 1933 audimus,
318 1864 370 1922 sed
384 1864 478 1922 adhuc
494 1864 555 1921 sine
570 1863 672 1938 capite,
685 1863 745 1921 sine
761 1875 885 1935 auctore,
901 1883 1017 1925 rumore

68 1963 182 2019 nuntio.
228 1981 252 2019 a.
277 1961 367 2033 Quod
387 1981 453 2020 curn
473 1964 512 2019 ita
532 1972 616 2033 esset,
631 1970 729 2019 tamen
746 1962 845 2022 litteris
864 1966 929 2035 tuis,
944 1984 1017 2041 quas

70 2060 167 2118 Nonis
181 2060 267 2116 Maiis
287 2079 322 2118 ex
337 2062 436 2118 castris
456 2060 537 2118 datas
559 2078 772 2136 acceperamus,
788 2061 827 2119 ita
846 2080 1015 2136 persuasum

70 2167 133 2216 erat
147 2157 259 2227 civitati,
274 2167 306 2214 ut
319 2157 400 2215 illum
414 2159 472 2216 iarn
487 2176 661 2234 oppressum
682 2177 785 2216 omnes
805 2160 1016 2228 arbitrarentur,

68 2267 100 2314 te
122 2265 217 2313 autem
236 2257 266 2312 in
284 2254 396 2314 Italiam
417 2257 513 2314 venire
535 2275 602 2314 curn
624 2259 760 2328 exercitu,
782 2268 820 2327 ut,
843 2259 866 2316 si
886 2258 959 2316 haec
980 2277 1016 2316 ex

71 2354 214 2412 sententia
235 2352 369 2411 conlecta
390 2363 496 2423 essent,
517 2355 638 2412 consilio
661 2365 748 2430 atque
770 2359 937 2414 auctoritate
957 2366 1015 2427 tua,

72 2453 119 2510 sin
133 2451 200 2527 quid
211 2450 284 2508 forte
299 2451 460 2522 titubatum,
472 2461 504 2509 ut
518 2452 549 2509 fit
563 2454 592 2509 in
608 2454 693 2524 bello,
706 2455 832 2512 exercitu
846 2466 897 2512 tuo
912 2457 1016 2513 nitere-

71 2570 154 2620 mur;
183 2567 271 2626 quem
297 2549 415 2625 quidem
440 2568 497 2626 ego
522 2553 682 2609 exercitum
706 2553 938 2629 quibuscumque
962 2573 1016 2630 po·

71 2660 154 2706 tuero
181 2648 266 2705 rebus
294 2650 426 2717 ornab0;
455 2649 536 2706 euius
564 2650 604 2706 rei
627 2659 688 2706 tum
712 2659 827 2726 tempus
856 2653 916 2722 erit,
940 2672 1016 2726 curn,

73 2745 143 2821 quid
156 2745 220 2820 opis
234 2746 275 2803 rei
289 2746 422 2822 publicae
436 2746 544 2804 laturus
559 2747 583 2804 is
598 2748 739 2805 exercitus
761 2749 796 2805 sit
811 2759 860 2806 aut
874 2749 944 2825 quid
958 2752 1015 2810 iarn

74 2843 172 2912 tulerit,
187 2853 289 2901 notum
305 2862 369 2901 esse
388 2844 534 2918 coeperit:
557 2863 626 2901 nam
646 2845 740 2904 adhuc
760 2855 871 2904 tantum
894 2860 1016 2907 conatus

74 2941 233 3010 audiuntur,
248 2942 350 3015 optimi
371 2941 409 2998 illi
429 2942 547 3017 quidem
569 2951 597 2999 et
617 2943 845 3017 praeclarissimi,
861 2946 913 3003 sed
933 2958 1016 3022 gesta

74 3058 119 3097 res
138 3049 328 3115 exspectatur,
346 3058 435 3115 quam
453 3040 572 3115 quidem
591 3051 640 3098 aut
657 3043 715 3098 iam
737 3060 801 3100 esse
820 3043 946 3120 aliquam
968 3059 1017 3104 aut

75 3138 305 3213 adpropinquare
330 3138 457 3196 conlid0.
500 3155 527 3211 3.
553 3138 621 3196 Tua
643 3141 744 3197 virtute
768 3147 794 3198 et
815 3144 1015 3218 magnitudine

75 3236 159 3294 animi
184 3235 254 3291 nihil
279 3245 322 3292 est
343 3235 484 3304 nobilius;
507 3235 603 3310 itaque
628 3245 772 3312 optamus,
792 3247 823 3294 ut
848 3257 936 3314 quarn
958 3240 1015 3314 pri-

75 3350 152 3390 mum
173 3342 200 3389 te
225 3332 255 3388 in
277 3332 360 3390 Italia
381 3333 545 3390 videamus:
571 3351 634 3390 rem
658 3335 805 3409 publicam
830 3355 885 3395 nos
908 3336 1015 3395 habere

76 3430 279 3501 arbitrabimur,
309 3431 332 3488 si
360 3448 412 3488 vos
442 3430 622 3489 habebimus.
665 3430 814 3492 Praeclare
846 3434 1020 3506 viceramus,
