2454 3842
67 249 121 312 rep.
142 235 200 320 aa]
298 247 409 300 amar.
433 249 483 298 nn
503 248 671 299 ATTIOUM
689 251 738 300 rr.
765 250 814 320 15.
989 251 1027 318 73

69 399 154 457 nihil
175 409 236 458 tam
252 443 258 458 .
274 443 280 457 .
298 419 420 460 ,vemm
438 402 510 461 haec
531 411 562 460 tu
582 411 679 460 tecum
696 401 812 460 habeto
855 398 891 458 In
911 399 1027 458 Andro·

70 497 191 556 macha
205 508 304 556 tamen
317 499 410 558 maior
424 500 476 559 fuit
490 518 579 576 quam
592 499 750 574 Astyanax,
765 499 797 555 in
811 498 913 556 ceteris
927 516 1028 574 parem

71 596 187 655 habult
213 598 370 657 neminem.
419 598 542 671 Quaeris
571 617 650 657 nunc
677 598 714 656 de
737 597 916 655 Arbuscula:
946 597 1028 654 valde

73 697 202 772 placuit.
248 695 324 755 Ludi
349 697 496 773 magnifici
520 707 548 756 et
572 697 655 772 grati.
701 709 727 770 7.
749 695 875 754 Venatio
897 696 928 752 in
951 694 1028 752 aliud

74 804 203 871 tempus
230 794 326 855 dilata.
376 794 503 872 Sequere
527 814 605 854 nunc
633 813 680 853 me
705 796 736 852 in
763 811 915 869 campum:
949 793 1029 851 ardet

76 893 231 965 ambitus;
262 898 331 966 σῆμα
352 896 383 950 δέ
406 918 446 950 τοι
473 895 543 968 ἐρέω.
600 893 715 952 Faenus
742 912 778 951 ex
801 893 903 950 triente
928 891 1028 950 Idibus

80 992 283 1065 Quinctilibus
302 992 411 1051 lactum
428 1003 489 1052 erat
506 993 647 1072 bessibus.
690 992 779 1051 Dices
801 992 891 1050 ‘istuc
910 991 1028 1067 quidem

80 1108 149 1149 non
174 1090 295 1149 moleste
319 1090 399 1149 lero!
450 1091 610 1150 Ovimml
642 1084 804 1150 Ociveml
854 1087 1029 1146 Memmium

80 1187 222 1247 Caesaris
250 1206 353 1248 omnes
381 1207 454 1266 opes
481 1189 671 1261 confirmant;
707 1208 775 1248 cum
802 1206 838 1246 eo
866 1186 1029 1246 Domitium

82 1287 224 1345 consules
246 1287 409 1358 iunxerunt,
434 1305 492 1364 qua
514 1289 656 1364 pactione,
681 1287 820 1364 epistolae
849 1287 1029 1350 committere

81 1403 150 1443 non
172 1387 274 1446 audeo.
316 1388 473 1465 Pompeius
494 1390 596 1460 fremit,
622 1390 756 1466 queritur,
783 1389 892 1448 Scauro
918 1387 1030 1459 studet;

81 1484 140 1542 sed
165 1494 261 1543 utrum
285 1486 380 1546 fronte
402 1507 440 1546 an
461 1499 567 1560 mente,
589 1489 741 1548 dubitatur.
783 1490 878 1562 Ἐξοχὴ
898 1488 929 1546 in
952 1488 1030 1545 nullo

83 1593 152 1658 est3
185 1586 309 1660 pecunia
336 1589 469 1646 omnium
496 1588 665 1664 dignitatem
692 1598 843 1664 exaequat,
893 1585 1030 1646 Messalla

83 1683 215 1758 languet,
230 1702 292 1742 non
309 1703 370 1761 quo
390 1697 439 1744 aut
460 1687 574 1745 animus
596 1686 670 1744 desit
690 1696 740 1745 aut
759 1686 853 1758 amici,
871 1686 923 1744 sed
942 1686 1029 1743 coitio

82 1781 241 1840 consulum
255 1788 282 1841 et
293 1782 452 1860 Pompeius
471 1785 586 1843 obsunt.
627 1784 672 1844 Ea
691 1785 808 1844 comitia
827 1795 899 1861 puto
917 1783 979 1843 fore
999 1792 1030 1841 ut

85 1879 239 1938 ducantur.
290 1880 450 1940 Tribunicii
492 1882 636 1942 candidati
674 1883 802 1942 iurarunt
843 1901 875 1942 se
916 1882 1030 1940 arbitrio
1104 1891 1106 1894 ·

86 1977 210 2037 Catonis
229 1980 389 2055 petituros:
410 1979 488 2056 apud
509 1993 577 2038 eum
591 1979 653 2038 HS.
669 1982 817 2057 quingena
833 1980 1030 2056 deposuemnt

84 2087 128 2146 ut,
143 2076 192 2152 qui
207 2095 224 2134 a
239 2076 352 2136 Catone
367 2077 521 2136 damnatus
542 2087 627 2147 esset,
642 2078 672 2135 id
687 2079 819 2154 perderet
840 2086 868 2136 et
888 2077 1029 2153 competi·

85 2177 197 2234 toribus
211 2176 390 2236 tribueretur.
433 2180 459 2234 8.
482 2177 566 2235 Haec
581 2195 637 2252 ego
652 2178 743 2253 pridie
758 2177 929 2247 scribebam,
941 2194 1029 2252 quam

85 2274 206 2332 comitia
226 2274 287 2332 lore
309 2276 502 2350 putabantur;
524 2275 576 2334 sed
600 2274 639 2332 ad
658 2285 694 2346 te,
717 2276 820 2350 quinto
842 2273 908 2332 Kal.
932 2273 1028 2332 Sextil.

86 2372 113 2432 si
140 2371 215 2430 lacta
246 2382 331 2432 emnt
358 2384 386 2432 et
413 2373 576 2432 tabellarius
611 2391 672 2432 non
706 2375 758 2432 erit
787 2373 942 2449 profectus
970 2382 1030 2432 tota

85 2471 205 2529 comitia
225 2471 411 2547 perscribam,
426 2491 501 2548 quae
521 2473 552 2543 si,
568 2482 600 2530 ut
616 2482 761 2549 putantur,
775 2472 899 2547 gratuita
915 2471 1028 2542 luerint,

85 2569 153 2647 plus
179 2587 255 2628 unus
283 2568 357 2628 Cato
385 2570 511 2645 potuerit
538 2589 627 2647 quarn
654 2589 743 2628 omnes
770 2572 840 2647 leges
868 2588 1029 2646 omnesque

86 2667 203 2726 iudices.
247 2686 273 2742 9.
304 2667 431 2727 Messius
453 2668 660 2728 defendebatur
681 2687 698 2726 a
719 2669 805 2727 nobis
826 2668 1029 2745 delegatione

88 2775 257 2838 revocatus3
286 2783 355 2824 nam
377 2783 445 2824 eum
466 2765 584 2824 Caesari
604 2767 713 2843 legarat
729 2767 853 2842 Appius.
898 2767 1030 2825 Servilius

88 2862 177 2921 edixit
203 2872 235 2920 ut
263 2863 382 2922 adesset
426 2863 534 2922 Tribus
558 2864 645 2923 habet
670 2865 864 2941 Pomptinam,
883 2865 1029 2935 Velinam,

89 2959 241 3019 Maeciam.
277 2961 425 3038 Pugnatur
439 2961 558 3034 acriter;
580 2963 672 3039 agitur
686 2974 784 3022 tamen
798 2963 875 3022 satis.
915 2962 1030 3021 Deinde
1082 2983 1083 2986 ¹

90 3076 140 3116 me
164 3058 289 3135 expedio
317 3060 355 3118 ad
378 3059 517 3130 Dmsum,
542 3061 610 3119 inde
639 3061 676 3119 ad
702 3060 865 3119 Scaurum:
893 3069 1031 3136 parantur

91 3157 266 3215 orationibus
292 3157 403 3217 indices
430 3158 557 3234 gloriosi.
613 3158 748 3217 Fortasse
776 3158 916 3217 accedent
942 3159 1031 3217 etiam

92 3255 223 3314 consules
247 3255 398 3332 designati,
419 3256 450 3313 in
473 3256 578 3332 quibus
601 3257 625 3314 si
652 3255 775 3315 Scaums
800 3275 862 3314 non
885 3255 977 3328 fuerit,
1000 3257 1030 3313 in

90 3352 146 3410 hoc
172 3351 278 3411 iudicio
300 3353 384 3412 valde
410 3353 559 3412 laborabit.
613 3372 658 3412 10.
681 3353 727 3412 Ex
749 3353 787 3426 Q.
812 3354 905 3413 fratris
931 3354 1030 3411 litteris

91 3450 220 3537 suspicor
243 3450 301 3510 iam
325 3468 393 3510 eum
417 3469 482 3510 esse
505 3451 536 3511 in
561 3450 729 3511 Britannia:
763 3469 906 3529 suspenso
932 3450 1029 3508 animo
