2436 3836
229 231 293 298 250
496 225 534 276 rr.
561 225 678 273 ιιιιιιι
701 225 892 274 cronnorns
1073 215 1177 297 [aar.

227 389 259 436 ut
283 395 320 436 ne
345 377 391 436 cui
416 377 571 454 quicquam
596 377 664 436 iuris
687 377 718 434 iu
739 387 789 434 tua
809 376 964 453 provincia
985 395 1057 436 esse
1079 379 1178 454 patiare

228 486 315 552 atque
338 486 370 535 ιιι
393 475 493 534 omnia
521 475 626 535 reseras
654 475 692 533 ad
721 475 901 551 dignitatem,
928 491 991 550 qua
1022 476 1098 534 nibil
1125 494 1177 534 esse

228 580 325 648 potest
350 570 549 646 praestantius
602 589 629 641 4.
651 569 730 628 Vere
753 579 851 628 tecum
874 588 976 645 agam,
998 581 1036 629 ut
1060 573 1177 630 necessi-

229 670 299 728 tudo
318 679 418 728 nostra
436 669 581 744 postulat:
604 670 633 726 in
655 667 838 744 Sempronio,
857 667 880 726 si
901 668 980 726 meis
1006 669 1113 728 litteris
1134 671 1177 727 ob

228 775 428 840 temperasses,
439 763 596 820 maximam
611 763 647 820 ab
658 761 795 820 omnibus
809 761 926 820 laudern
941 763 1077 839 adeptus
1088 781 1176 829 esses;

229 861 280 920 sed
301 861 370 919 illud
392 871 421 920 et
440 861 586 938 praeteriit
606 869 635 919 et
654 859 744 919 levius
765 869 818 931 est,
832 859 907 918 haee
923 879 1044 937 magna
1062 881 1111 920 res
1127 873 1177 918 est:

228 961 274 1018 lac
287 969 317 1018 ut
330 959 508 1036 provinciam
519 959 643 1017 retineas
657 959 686 1015 in
698 967 841 1034 potestate
856 977 896 1016 rer
887 959 1177 1033 publicae.le

228 1059 417 1134 scripsissem,
432 1057 487 1115 nisi
502 1057 543 1115 tui
558 1053 734 1115 festinarent
769 1055 874 1133 Itaque
888 1053 1070 1134 Chaerippo
1085 1067 1177 1116 nostro

229 1174 276 1216 me
291 1157 376 1216 velim
390 1173 520 1214 excuses.

421 1301 486 1354 ιιι.
527 1293 584 1353 An
605 1293 856 1353 summanus
877 1293 929 1350 ιιι.
952 1297 982 1352 a.
1208 1253 1210 1320 l

365 1403 430 1463 ScR.
452 1400 561 1462 Rounn
582 1419 675 1460 nausa
696 1400 840 1459 Inuunmo
860 1419 944 1460 nuc.
969 1413 1046 1474 711.
1209 1359 1210 1436 l

368 1531 399 1570 ιι.
413 1529 515 1570 monuo
535 1529 558 1568 s·
573 1529 600 1568 n.
615 1528 643 1567 n.
658 1527 754 1568 usuro
775 1527 834 1566 um.
856 1526 912 1568 cos
936 1527 1036 1568 unsre.

273 1636 298 1676 1.
319 1617 366 1677 Eo
380 1628 512 1693 tempore
527 1616 608 1674 Polla
622 1627 671 1673 tua
684 1615 769 1684 misit,
783 1624 815 1671 ut
829 1613 867 1671 ad
883 1624 920 1684 te,
936 1615 959 1672 si
976 1617 1056 1691 quid
1073 1618 1177 1679 vellen.

229 1718 328 1775 darem
353 1717 518 1786 litterarum,
543 1733 619 1785 cum,
645 1712 715 1790 quid
739 1713 902 1782 scriberem,
923 1730 988 1770 non
1014 1713 1176 1784 habebam

229 1816 329 1874 omnia
350 1816 430 1873 enim
454 1825 534 1872 erant
557 1829 699 1889 suspensa
723 1820 841 1887 propter
862 1813 1126 1887 exspectationem
1146 1815 1176 1872 le-

228 1924 372 1990 gaiorum,
387 1912 519 1989 quiquid
539 1912 672 1987 egissent,
688 1909 829 1967 nihildum
849 1910 1050 1969 nuntiabatur
1101 1913 1176 1970 Haec

228 2025 326 2072 tamen
347 2011 499 2070 scribenda
517 2009 694 2068 existimavi:
719 2008 844 2084 primum
864 2017 999 2066 senatum
1019 2013 1176 2086 populum·
1208 1981 1209 2082 i

228 2130 285 2188 que
311 2110 478 2169 Romanum
503 2109 539 2166 dc
563 2118 591 2165 te
616 2107 745 2164 laborare
770 2123 831 2163 non
857 2106 951 2163 solum
976 2107 1087 2167 salutis
1115 2128 1176 2168 suae

228 2227 324 2280 causa,
348 2207 400 2266 sed
423 2207 510 2264 etiam
535 2205 679 2280 dignitatis
708 2214 790 2274 tuae;
824 2203 1002 2262 admirabilis
1028 2208 1115 2264 enim
1139 2219 1177 2265 est

228 2307 372 2385 quaedam
399 2305 440 2365 tui
462 2305 588 2363 nominis
616 2302 718 2361 caritas
744 2318 883 2378 amorque
908 2302 937 2358 in
965 2313 995 2359 te
1021 2303 1176 2380 singularis

230 2407 360 2467 omnium
387 2403 506 2462 civium:
536 2403 574 2460 ita
598 2401 676 2458 enim
700 2409 817 2476 sperant
844 2409 931 2476 atque
956 2401 1126 2474 confidunt,
1150 2415 1177 2461 ιιι

229 2517 314 2566 antea
341 2521 417 2578 rege,
447 2502 487 2560 sic
514 2500 571 2558 hoc
599 2510 730 2574 tempore
757 2515 849 2572 regno
879 2508 907 2554 te
935 2515 997 2555 rem
1027 2501 1175 2574 publicam

227 2605 421 2662 liberaturum.
465 2619 491 2657 ι.
513 2599 628 2657 Romae
651 2596 770 2654 dilectus
794 2596 915 2654 habetur
938 2606 1060 2672 totaque
1086 2600 1176 2668 Italia,

230 2704 255 2761 si
278 2703 324 2761 hic
348 2701 468 2760 dilectus
496 2697 685 2773 appellandus
718 2705 770 2767 est,
798 2713 865 2755 cum
889 2695 965 2752 ultro
991 2713 1023 2752 se
1048 2697 1177 2756 offemnt

230 2817 350 2859 omnes:
374 2807 470 2856 tantus
494 2796 580 2854 ardor
602 2795 715 2852 animos
743 2793 894 2852 hominum
916 2793 1077 2867 occupavit
1103 2795 1176 2854 desi·

230 2898 310 2956 derio
334 2895 470 2964 libertatis
493 2893 618 2970 odioque
643 2893 769 2951 diutinae
795 2890 943 2950 servitutis.
985 2889 1034 2950 De
1058 2895 1175 2972 reliquis
1206 2915 1207 2928 ¹

230 2996 316 3054 rebus
341 3010 358 3051 a
381 3002 410 3051 te
434 2993 492 3050 iam
519 3001 686 3067 exspectare
713 2991 820 3049 litteras
841 2988 990 3058 debemus,
1013 2990 1088 3066 quid
1117 2994 1175 3068 ipse

230 3111 308 3170 agas,
326 3091 395 3167 quid
414 3099 512 3149 noster
533 3089 651 3158 Hirtius,
668 3088 738 3164 quid
758 3087 866 3147 Caesar
885 3104 976 3149 meus
991 3105 1067 3163 quos
1090 3109 1173 3166 spero

230 3191 309 3251 brevi
331 3199 462 3262 tempore
486 3188 622 3246 societate
647 3187 781 3245 victoriae
806 3195 902 3244 tecum
926 3185 1082 3260 copulatos
1106 3189 1171 3247 iore.

231 3289 387 3364 Reliquum
409 3295 453 3343 est
474 3295 506 3343 ut
495 3284 563 3343 tde
584 3303 631 3342 me
652 3284 682 3342 id
703 3285 836 3354 scribam,
852 3281 931 3360 quod
952 3292 1038 3340 teex
1058 3292 1172 3343 tuorum

231 3386 329 3447 litteris
353 3391 383 3438 et
407 3397 492 3451 spero
518 3391 546 3436 et
570 3380 647 3437 malo
672 3397 858 3455 cognoscere,
880 3397 927 3437 me
952 3397 1048 3454 neque
1073 3381 1173 3442 deesse
1204 3309 1206 3434 i

74 3526 116 3531 ⁴
232 3481 269 3532 vt·
453 3489 487 3529 re
501 3491 640 3547 umquam
654 3475 706 3533 del
703 3485 818 3534 uturum
836 3475 966 3552 dignitati
979 3486 1057 3538 tuae.
