2454 3842
92 253 139 318 up.
156 241 213 326 aa]
321 253 434 304 aaran.
456 225 506 301 An
527 255 751 304 ninistrans
772 256 795 302 ι.
819 262 850 328 9.
1000 242 1042 327 85

67 428 70 434 ¹
92 405 200 480 quibus
220 405 307 463 rebus
330 404 472 464 adductus
493 415 641 481 quamque
661 423 724 464 rem
743 423 922 482 causamque
941 406 1041 466 delen·

92 502 196 572 derim,
205 503 312 578 quique
324 521 407 561 meus
422 503 452 560 in
466 521 496 560 re
511 503 629 578 publica
644 502 680 560 sit
694 519 747 578 pro
761 521 828 561 mea
842 513 924 579 parte
939 523 1041 581 capes·

92 600 187 660 sende
209 608 316 671 status;
339 601 375 658 de
396 617 457 676 quo
478 601 518 660 sic
540 601 626 658 velim
647 610 765 671 statuas,
780 619 827 658 me
847 601 920 660 hacc
937 603 1042 662 eadem

92 716 250 757 sensurum
269 698 366 770 fuisse,
382 699 406 757 si
425 698 496 756 mihi
510 699 622 774 integra
636 699 736 758 omnia
751 717 785 757 ac
800 698 889 757 libera
904 699 1041 759 fuissent:

91 815 164 855 nam
193 815 289 873 neque
316 798 510 874 pugnandum
537 798 687 856 arbitrarer
714 806 817 856 contra
844 807 940 856 tantas
968 817 1042 874 opes

91 914 192 972 neque
220 895 386 962 delendum,
410 897 498 954 etiam
526 896 551 954 si
578 896 609 954 id
637 895 697 953 fieri
725 905 834 971 posset,
860 913 1042 954 summorum

93 995 202 1053 civium
222 995 417 1071 principatum
439 1012 494 1053 nec
514 993 746 1070 permanendum
767 995 797 1052 in
818 1012 877 1052 una
898 995 1042 1054 sententia

92 1095 244 1153 conversis
270 1096 358 1154 rebus
386 1112 421 1152 ac
448 1095 595 1152 bonorum
619 1093 815 1152 voluntatibus
838 1095 963 1166 mutatis,
990 1095 1043 1153 sed

91 1193 278 1274 temporibus
304 1194 535 1252 adsentiendum.
584 1192 755 1270 Numquam
782 1194 861 1252 enim
894 1196 925 1251 in
958 1213 1042 1271 prae-

92 1292 240 1350 stantibus
249 1293 280 1350 in
293 1311 324 1350 re
339 1291 456 1368 publica
469 1292 660 1368 gubernanda
673 1292 738 1351 viris
752 1291 869 1351 laudata
882 1303 926 1352 est
940 1294 970 1351 in
984 1311 1043 1351 una

93 1391 241 1448 sententia
259 1401 399 1467 perpetua
417 1392 594 1467 permansio,
610 1391 670 1463 sed,
685 1403 717 1450 ut
736 1392 766 1448 in
787 1391 954 1467 navigando
969 1403 1042 1451 tem·

92 1489 202 1565 pestati
225 1490 348 1566 obsequi
373 1491 442 1548 artis
466 1499 518 1560 est,
543 1490 630 1547 etiam
656 1490 680 1548 si
706 1500 825 1567 portum
853 1500 953 1549 tenere
980 1509 1042 1549 non

92 1605 196 1663 queas,
218 1605 285 1646 cum
309 1606 377 1646 vero
399 1588 429 1646 id
450 1589 547 1664 possis
568 1599 679 1647 mutata
699 1588 890 1648 velificatione
911 1589 1041 1667 adsequi,

92 1685 215 1745 stultum
242 1697 286 1745 est
312 1704 381 1744 eum
409 1699 507 1745 tenere
534 1705 602 1745 cum
634 1687 763 1762 periculo
797 1705 922 1760 cursum,
952 1707 1040 1766 quem

93 1786 217 1861 ceperis,
232 1785 329 1860 potius
346 1804 436 1862 quam
455 1802 491 1844 eo
510 1795 690 1845 commutato
708 1803 767 1863 quo
782 1786 851 1846 velis
866 1797 963 1846 tamen
977 1806 1042 1864 per-

92 1885 201 1955 venire,
212 1885 261 1956 sic,
271 1902 337 1942 curn
349 1884 484 1943 omnibus
496 1884 581 1942 nobis
596 1885 626 1943 in
640 1883 867 1943 administranda
881 1903 912 1942 re
927 1886 1043 1962 publica

93 1985 280 2062 propositum
294 2001 358 2042 esse
373 1983 477 2042 debeat
491 1983 529 2053 id,
544 1982 624 2059 quod
642 2003 660 2042 a
676 2001 724 2042 me
744 1984 914 2059 saepissime
934 1983 1042 2042 dietum

94 2100 149 2162 est,
170 2109 237 2149 curn
259 2091 399 2166 dignitate
419 2091 519 2161 otium,
540 2108 603 2148 non
625 2091 703 2148 idem
725 2108 840 2166 semper
862 2090 967 2160 dicere,
990 2091 1042 2148 sed

94 2192 176 2252 idem
191 2209 306 2266 semper
321 2200 452 2265 spectare
467 2190 617 2248 debemus.
660 2186 759 2260 Quam
774 2189 814 2246 ob
828 2207 898 2258 rem,
908 2198 939 2247 ut
953 2189 1042 2265 paulo

94 2302 164 2350 ante
177 2289 272 2366 posui,
288 2288 312 2348 si
326 2299 424 2348 essent
438 2289 538 2347 omnia
555 2287 625 2344 mihi
645 2287 829 2357 solutissima‚
844 2297 943 2345 tamen
960 2288 990 2346 in
1012 2308 1043 2348 re

93 2389 213 2466 publica
232 2406 294 2446 non
315 2387 387 2446 alius
408 2404 502 2445 essem
524 2395 610 2463 atque
631 2403 709 2444 nunc
731 2403 812 2444 sum:
834 2403 902 2443 cum
921 2404 991 2444 vero
1012 2387 1042 2444 in

93 2488 175 2546 hunc
189 2505 308 2546 sensum
322 2497 351 2544 et
364 2485 481 2544 adliciat
494 2483 641 2543 beneficiis
660 2483 813 2542 hominum
832 2493 861 2541 et
882 2485 1041 2561 compellar

93 2587 213 2656 iniuriis,
228 2585 311 2644 facile
325 2585 420 2660 patior
433 2602 469 2642 ea
482 2602 530 2642 me
545 2584 582 2642 de
596 2602 627 2642 re
641 2582 756 2658 publica
771 2583 876 2640 sentire
890 2601 925 2641 ac
945 2584 1041 2643 dicere

94 2702 171 2762 quae
189 2685 316 2742 maxime
330 2701 398 2741 cum
413 2681 484 2740 mihi
498 2692 560 2740 tum
574 2683 663 2739 etiam
677 2680 718 2738 rei
733 2681 866 2756 publicae
880 2682 1042 2741 rationibus

93 2795 196 2862 putem
215 2784 387 2842 conducere.
429 2782 566 2858 Apertius
587 2790 685 2839 autem
703 2779 776 2838 haec
796 2799 853 2855 ago
868 2799 904 2840 ac
918 2783 1043 2858 saepiuS,

94 2878 176 2955 quod
204 2888 233 2936 et
260 2876 398 2948 Quintus,
424 2875 509 2934 frater
534 2893 626 2944 meus,
652 2874 763 2950 legatus
788 2884 832 2933 est
857 2873 990 2934 Caesaris
1015 2887 1044 2934 et

94 2977 206 3036 nullum
226 2993 327 3034 meum
348 2975 500 3033 minimum
522 2974 641 3044 dictum,
660 2990 722 3031 non
742 2973 834 3031 modo
855 2971 972 3046 lactum,
988 2993 1043 3051 pro

94 3075 220 3135 Caesare
241 3073 410 3143 intercessit,
432 3072 513 3147 quod
533 3071 579 3129 ille
601 3088 663 3129 non
687 3071 726 3128 ita
750 3070 851 3129 illustri
874 3072 967 3147 gratia
991 3090 1043 3130 ex-

93 3175 211 3250 ceperit,
234 3183 267 3231 ut
287 3189 345 3248 ego
369 3189 437 3229 eum
461 3170 532 3227 mihi
557 3170 722 3228 devinctum
750 3178 891 3245 putarem.
939 3168 1042 3246 Itaque

93 3275 155 3332 eius
169 3273 251 3331 omni
279 3281 308 3330 et
334 3271 434 3347 gratia,
460 3287 535 3344 quae
564 3285 678 3326 summa
701 3278 754 3337 est,
777 3277 806 3325 et
828 3268 942 3344 opibus,
967 3285 1042 3344 quas

94 3371 236 3446 intellegis
250 3387 314 3428 esse
328 3369 480 3439 maximas,
495 3367 536 3426 sic
551 3367 631 3425 fruor
644 3377 675 3424 ut
689 3367 781 3437 meis;
803 3385 859 3424 nec
878 3367 949 3424 mihi
963 3367 1044 3424 aliter

94 3470 225 3548 potuisse
257 3468 357 3527 videor
388 3465 541 3526 hominum
574 3464 753 3542 perditorum
782 3463 819 3524 de
846 3481 894 3522 me
922 3463 1044 3524 consilia
