2452 3842
202 201 260 266 188
472 217 510 269 M.
538 217 656 267 aurun
679 220 867 268 oronxorvrs
1012 206 1081 289 [raa
1095 220 1131 266 ru.

197 376 301 426 temnt.
344 367 403 428 Sed
426 369 499 427 nihil
525 370 621 429 minus
649 371 710 429 fero
739 387 828 447 quam
855 369 1037 430 severitatem
1065 369 1133 428 otio-

199 483 296 523 sorum
316 475 352 538 et,
368 485 489 545 quoquo
508 468 599 527 modo
619 487 651 528 se
670 487 717 527 res
736 468 832 538 habet,
847 468 941 545 magis
956 466 1021 527 illos
1035 485 1135 537 vereor,

199 566 248 639 qui
263 566 293 623 in
306 566 383 624 bello
397 566 574 639 occiderunt,
590 586 679 644 quam
698 568 753 626 hos
773 585 852 638 curo,
868 567 974 643 quibus
993 585 1056 625 non
1075 567 1137 624 satis

198 661 327 734 facimus,
343 664 410 740 quia
423 665 553 724 vivimus
597 685 623 740 3.
646 665 720 723 Mihi
739 667 763 724 si
781 665 906 742 spatium
920 664 1005 722 suerit
1019 665 1050 722 in
1065 663 1137 721 Tus·

199 762 334 820 culanum
349 772 415 820 ante
435 762 538 822 Nonas
557 764 701 834 veniendi,
716 764 779 822 istic
798 773 827 821 te
846 763 952 821 videbo
961 783 969 835 ;
992 763 1017 819 si
1036 763 1137 826 minus,

199 878 355 936 persequar
377 861 407 918 in
428 860 595 920 Cumanum
617 872 645 920 et
666 873 733 921 ante
753 873 781 920 te
803 862 954 921 certiorem
975 861 1091 932 faciam,
1110 868 1139 916 ut

198 957 301 1016 lavatio
322 969 421 1035 parata
442 959 485 1017 sit.

392 1121 439 1176 87.
481 1117 538 1175 AD
559 1117 811 1177 FAMILIARES
833 1117 886 1176 IX.
909 1120 954 1176 18.

202 1231 266 1292 Sex.
286 1251 316 1290 ru
337 1233 515 1292 Tuscunxuo
536 1252 670 1291 nxnuurn
692 1252 784 1292 mensu
806 1231 948 1304 Qumrrm
969 1250 1054 1292 nuc.
1077 1235 1140 1307 708.

519 1359 621 1400 cronno
640 1360 663 1399 s.
678 1361 706 1400 n.
721 1358 823 1400 exaro.

245 1473 270 1512 1.
293 1454 361 1514 Cuu
382 1473 477 1514 essem
498 1456 608 1514 otiosus
632 1456 862 1540 in'TnsculanQ
883 1463 1040 1531 propterea
1065 1453 1143 1530 quod

201 1552 357 1629 discipulos
378 1555 494 1612 obviam
512 1556 659 1626 miseram,
672 1566 703 1613 ut
722 1555 826 1613 eadem
844 1572 892 1612 me
908 1572 998 1630 quam
1016 1554 1144 1612 maxime

202 1652 387 1711 conciliarent
405 1652 536 1712 familiari
557 1672 618 1724 suo,
634 1655 734 1730 accepi
752 1663 817 1712 tuas
835 1653 942 1711 litteras
961 1653 1145 1727 plenissimas

203 1751 354 1822 suavitatis,
364 1770 402 1810 ex
413 1753 517 1828 quibus
532 1752 656 1810 intellexi
670 1753 787 1828 probari
801 1753 852 1811 tibi
866 1770 966 1810 meum
980 1752 1147 1822 consilium,

202 1849 290 1926 quod,
305 1858 337 1908 ut
350 1849 510 1926 Dionysius
525 1860 672 1926 tyrannus,
687 1869 755 1909 cum
771 1848 918 1927 Syracusis
938 1848 1038 1925 pulsus
1060 1859 1148 1918 esset,

204 1949 335 2009 Corinthi
350 1950 452 2008 dicitur
467 1950 567 2008 ludum
578 1950 733 2025 aperuisse,
745 1950 787 2008 sic
801 1967 857 2024 ego
872 1944 1004 2028 [sublatis
1019 1944 1150 2026 iudiciis]

203 2050 310 2108 amisso
331 2066 423 2125 regno
446 2048 554 2106 forensi
575 2047 675 2106 ludum
690 2048 772 2124 quasi
791 2048 898 2105 habere
918 2047 1077 2122 coeperim.
1127 2068 1152 2106 2.

203 2147 282 2220 Quid
296 2150 430 2225 quaeris?
449 2167 497 2207 me
508 2166 626 2225 quoque
642 2148 765 2206 delectat
779 2148 932 2206 consilium
939 2166 947 2219 ;
963 2146 1055 2205 multa
1070 2148 1154 2206 enim

203 2266 383 2325 consequor:
413 2249 546 2324 primurn,
571 2247 601 2305 id
627 2247 706 2324 quod
735 2247 861 2304 maxime
889 2263 968 2304 nunc
993 2263 1071 2321 opus
1097 2258 1155 2319 est,

203 2348 303 2405 munio
318 2365 366 2404 me
381 2345 418 2404 ad
436 2345 508 2405 haec
528 2354 669 2421 tempora.
712 2345 746 2403 Id
766 2346 848 2404 cuius
867 2344 948 2403 modi
968 2345 1011 2415 sit,
1027 2346 1156 2417 nesci03

203 2458 315 2507 tantum
339 2445 433 2517 video,
455 2444 560 2503 nullius
588 2441 684 2502 adhuc
712 2442 866 2502 consilium
894 2461 942 2500 me
970 2440 1037 2499 huic
1070 2453 1159 2502 ante·

203 2563 321 2622 ponere,
336 2543 392 2601 nisi
406 2543 480 2601 forte
498 2543 573 2600 mori
593 2542 696 2600 melius
716 2541 785 2600 fuit:
806 2542 837 2598 in
851 2540 965 2611 lectulo,
980 2540 1084 2612 fateor,
1103 2543 1160 2601 sed

203 2662 265 2702 non
284 2642 403 2714 accidit;
424 2641 456 2698 in
474 2640 537 2698 acie
552 2657 613 2699 non
627 2639 675 2698 fui.
719 2638 815 2698 Ceteri
836 2639 963 2716 quidem,
979 2638 1161 2716 Pompeius

204 2742 344 2801 Lentulus
357 2751 433 2812 tuus,
450 2739 556 2815 Salpia,
572 2738 709 2797 Afranius
724 2738 808 2797 foede
820 2721 977 2814 perierunt.
1008 2738 1063 2796 ‘At
1079 2739 1162 2799 Cato

204 2839 368 2918 praeclare?
410 2839 475 2897 Iam
505 2838 578 2896 istuc
612 2837 739 2914 quidem,
767 2855 835 2895 curn
868 2836 1007 2906 volemus,
1035 2836 1163 2910 licebit;

205 2939 307 2996 demus
331 2937 421 2997 modo
446 2954 565 3013 operam
591 2955 628 2994 ne
652 2945 711 2993 tarn
739 2953 859 2994 necesse
886 2934 971 2992 nobis
1000 2933 1036 2992 sit
1064 2955 1164 3012 quam

204 3036 244 3094 illi
262 3035 331 3107 fuit;
353 3035 383 3093 id
397 3034 476 3110 quod
490 3033 611 3110 agimus.
656 3052 682 3107 3.
704 3032 785 3108 Ergo
799 3032 855 3090 hoc
870 3032 1004 3108 primum.
1050 3031 1166 3111 Sequi-

204 3145 251 3192 tur
261 3134 347 3193 illud:
369 3134 432 3209 ipse
446 3133 548 3191 melior
562 3132 617 3202 fi0;
633 3132 760 3207 primum
774 3130 945 3202 valetudine,
959 3148 1050 3207 quam
1067 3133 1167 3192 inter-

206 3233 302 3291 missis
317 3230 567 3291 exercitationibus
582 3231 754 3302 amiseram3
777 3228 882 3288 deinde
900 3229 964 3304 ipsa
982 3227 1038 3299 illa,
1056 3231 1169 3308 siqua

207 3331 258 3388 fuit
272 3330 302 3387 in
316 3348 373 3400 me,
387 3327 508 3387 facultas
522 3329 669 3399 orationis,
681 3329 736 3386 nisi
750 3347 798 3386 me
812 3327 850 3386 ad
863 3327 918 3386 has
930 3326 1168 3390 exercitationes

205 3427 389 3497 rettulissem,
405 3424 569 3483 exaruisset.
612 3425 782 3486 Extremum
796 3425 866 3487 illud
879 3435 931 3497 est,
946 3425 1027 3503 quod
1039 3435 1077 3487 tu
1091 3447 1168 3490 nes·
