2452 3842
74 243 245 325 up.99,100.]
274 233 389 305 narsr.
410 256 459 304 nn
480 253 712 304 summanus
727 257 772 304 Vr.
790 261 818 307 2.
949 260 1012 326 213

72 431 135 470 eum
154 413 291 482 dolorem,
307 431 395 488 quem
415 432 431 471 e
450 413 611 488 republica
631 414 724 489 capio,
739 396 847 471 domus¹
865 412 922 470 iam
942 429 1012 470 eon-

71 511 151 568 solari
184 521 281 587 potest
315 530 371 570 nec
407 510 600 569 domesticum
629 529 681 582 res
714 511 838 586 publica.
881 530 907 586 3.
942 511 1011 583 Quo

70 611 158 684 magis
185 620 213 668 te
242 619 381 685 exspecto
407 619 493 686 teque
518 611 615 668 videre
639 628 728 686 quam
753 611 879 686 primum
907 611 1011 684 cupio:

68 710 157 766 maior
174 709 245 766 mihi
265 709 370 766 levatio
392 709 495 766 adferri
516 709 595 766 nulla
616 718 712 785 potest
733 726 821 784 quam
843 709 1011 766 coniunctio

69 807 281 865 consuetudinis
297 825 524 883 sermonumque
543 817 727 878 nostrorum;
749 824 928 883 quamquam
946 825 1011 882 spe·
1075 811 1077 822 '

67 907 164 965 rabam
184 916 266 964 tuum
287 906 528 964 adventum-sic
550 907 630 964 enim
655 905 1011 982 audiebamssadpropin-

68 1023 162 1081 quare.
203 1003 270 1080 Ego
285 1015 383 1062 autem
398 1023 465 1063 cum
480 1005 578 1063 multis
593 1004 630 1063 de
645 1005 739 1063 causis
754 1014 782 1062 te
797 1015 907 1080 exopto
922 1023 1011 1080 quam

66 1105 189 1181 primum
210 1104 316 1174 videre,
338 1113 400 1162 tum
422 1104 517 1174 etiam,
539 1112 572 1161 ut
593 1113 660 1161 ante
685 1112 918 1162 commentemur
938 1104 1013 1160 inter

65 1221 128 1274 nos
143 1221 200 1278 qua
213 1203 325 1260 ratione
340 1203 427 1260 nobis
440 1201 652 1261 traducendum
671 1202 777 1261 sithoc
792 1212 916 1278 tempus,
932 1201 1012 1279 quod

64 1312 109 1360 est
129 1311 222 1360 totum
244 1301 281 1358 ad
296 1301 381 1359 unius
395 1301 573 1359 voluntatem
594 1300 880 1359 accommodandum
901 1311 930 1359 et
944 1319 1012 1376 pru-

64 1401 159 1460 dentis
173 1411 201 1458 et
215 1400 338 1458 liberalis
352 1411 388 1470 et,
404 1410 436 1458 ut
449 1401 634 1476 perspexisse
642 1400 750 1473 videor,
765 1418 820 1458 nec
834 1421 853 1458 a
866 1419 914 1457 me
926 1400 1011 1458 alieni

62 1510 92 1558 et
107 1499 158 1556 tibi
172 1498 346 1556 amicissimi.
389 1497 479 1569 Quod
499 1518 567 1557 cum
588 1500 627 1558 ita
646 1501 690 1570 sit,
705 1518 830 1575 magnae
849 1509 947 1557 tamen
969 1510 1012 1557 est

61 1599 285 1670 deliberationis,
304 1617 378 1675 quae
399 1599 473 1656 ratio
496 1599 531 1657 sit
552 1599 680 1658 ineunda
704 1600 799 1671 nobis,
821 1617 882 1656 non
906 1598 1013 1674 agendi

59 1698 177 1774 aliquid,
193 1698 246 1756 sed
259 1697 334 1756 illius
352 1715 494 1756 concessu
509 1709 538 1756 et
552 1699 694 1757 beneficio
710 1699 885 1776 quiescendi.
928 1697 1011 1755 Vale.

255 1859 321 1914 100.
363 1855 420 1913 AD
441 1855 694 1914 FAMILIARES
716 1856 769 1916 VI.
794 1874 821 1914 a.

206 1970 271 2031 Scn.
293 1973 435 2031 Asruunn
456 1992 551 2032 unusn
573 1973 678 2032 Anmnr
699 1992 782 2032 nuc.
807 1986 875 2048 709.

291 2097 322 2138 u.
344 2097 447 2139 c1cuno
467 2099 489 2138 s.
512 2101 539 2138 o.
562 2100 589 2138 A.
602 2097 780 2148 ¹nortonam.

103 2211 128 2250 1.
151 2191 233 2252 Puro
255 2211 273 2250 a
293 2203 322 2252 te
344 2213 450 2252 neme
471 2206 556 2271 putes
578 2194 725 2252 oblivione
745 2193 786 2252 tui
811 2194 902 2252 rarius
923 2193 960 2252 ad
982 2203 1010 2251 te

52 2291 192 2360 scribere,
207 2309 295 2366 quam
316 2293 455 2364 solebam,
471 2295 523 2352 sed
537 2303 586 2351 aut
604 2294 742 2369 gravitate
756 2293 935 2364 valetudinis,
951 2311 1010 2368 qua

50 2401 159 2447 tamen
173 2389 231 2446 iam
245 2391 364 2465 paulum
378 2392 478 2450 videor
491 2393 585 2462 levari,
601 2405 651 2450 aut
666 2391 747 2468 quod
764 2391 857 2450 absim
877 2392 914 2448 ab
928 2391 1009 2458 urbe,

48 2497 94 2559 ut,
120 2487 172 2562 qui
195 2487 232 2544 ad
256 2497 285 2545 te
308 2489 537 2564 proficiscantur,
560 2491 632 2548 scire
657 2508 718 2547 non
740 2489 870 2565 possim;
899 2506 958 2564 qua
978 2507 1009 2545 re

46 2584 143 2642 velim
159 2586 198 2642 ita
212 2595 350 2644 statutum
364 2587 483 2659 habeas,
498 2607 546 2645 me
560 2589 601 2646 tui
615 2589 787 2646 memoriam
807 2606 873 2646 cum
894 2605 1010 2656 summa

46 2682 262 2741 benevolentia
283 2695 382 2744 tenere
403 2696 525 2762 tuasque
545 2705 649 2745 omnes
667 2704 713 2744 res
734 2703 795 2744 non
815 2686 920 2743 minori
939 2686 1010 2744 mihi

45 2799 145 2839 curae
161 2799 249 2857 quam
263 2801 345 2842 meas
360 2803 433 2843 esse.
478 2806 502 2843 2.
527 2784 618 2856 Quod
631 2785 741 2843 maiore
755 2784 785 2841 in
796 2784 932 2842 varietate
946 2802 1008 2842 ver-

44 2893 120 2942 sata
141 2893 186 2938 est
200 2880 295 2940 adhuc
310 2891 359 2940 tua
378 2901 474 2954 causa,
491 2902 578 2960 quam
592 2883 727 2941 homines
747 2892 795 2939 aut
809 2883 944 2940 volebant
959 2893 1009 2940 aut

42 2978 262 3054 opinabantur,
288 2980 359 3039 mihi
383 2983 477 3052 crede,
503 3001 565 3040 non
590 2991 633 3040 est
657 2981 817 3063 promalis
841 2991 1007 3058 temporum

39 3077 135 3155 quod
158 3078 280 3137 moleste
302 3080 399 3154 seras3
421 3100 543 3140 necesse
564 3091 608 3139 est
632 3081 711 3139 enim
733 3089 781 3138 aut
803 3081 891 3138 armis
912 3082 1007 3157 urgeri

36 3195 114 3235 rem
145 3177 294 3251 publicam
323 3180 505 3254 sempiternis
533 3189 582 3236 aut
609 3178 655 3236 his
679 3178 783 3254 positis
810 3181 932 3237 recreari
957 3180 1007 3238 ali-

35 3275 175 3354 quando
194 3287 244 3334 aut
258 3275 386 3336 funditus
401 3279 524 3336 interire.
568 3277 598 3335 Si
613 3296 694 3335 arma
707 3277 852 3349 valebunt,
868 3296 924 3337 nec
944 3297 1007 3347 eos,

33 3395 57 3434 a
78 3375 196 3450 quibus
214 3375 368 3451 recipieris,
384 3377 474 3434 vereri
494 3377 583 3435 debes
603 3395 659 3435 nec
679 3394 740 3446 eos,
758 3393 833 3451 quos
855 3376 1007 3446 adiuvisti;

32 3478 64 3538 si
86 3476 186 3534 armis
204 3484 254 3534 aut
275 3476 450 3535 condicione
465 3477 568 3554 positis
589 3486 639 3535 aut
660 3475 867 3554 defatigatione
889 3475 1006 3534 abiectis
