2432 3844
45 253 104 315 Ep.
120 237 166 322 7-]
307 249 421 302 aaran
441 207 491 300 Aa
512 249 720 305 Arrrovnr.
740 255 787 320 14.
978 257 1016 324 13

48 409 212 469 Messalla
232 409 337 469 consul
357 411 388 467 in
407 418 509 468 senatu
524 410 561 469 de
575 409 718 486 Pompeio
734 409 880 486 quaesivit,
895 411 965 487 quid
980 411 1017 470 de

49 510 213 586 religione
233 518 262 567 et
283 509 319 567 de
333 509 517 585 promulgata
530 509 681 585 rogatione
696 510 828 567 sentiret:
851 510 964 569 locutus
978 511 1018 569 ita

52 619 109 666 est
125 609 161 666 in
179 617 290 678 senatu,
304 617 337 667 ut
355 609 454 666 omnia
471 609 546 667 illius
565 608 674 667 ordinis
690 608 821 666 consulta
837 617 940 680 γενικῶς
957 610 1018 668 lau-

55 708 163 778 daret,
177 707 315 785 mihique,
330 716 362 765 ut
375 707 494 778 adsedit,
511 707 582 765 dixit
596 726 627 766 se
641 717 741 783 putare
754 707 821 765 satis
835 708 872 765 ab
886 726 916 766 se
931 709 1017 769 etiam

57 807 103 865 de
118 807 186 865 istis
200 806 287 864 rebus
306 824 370 864 esse
387 824 570 882 responsum.
614 825 640 879 3.
663 804 786 864 Crassus
805 814 909 881 postea
928 824 1017 881 quam

57 906 140 963 vidit
164 905 244 963 illum
266 904 416 980 excepisse
440 903 556 962 laudem
578 923 615 963 ex
636 922 682 975 e0,
704 905 785 981 quod
806 904 1018 980 suspicarentur

59 1004 209 1063 homines
229 1004 255 1062 ei
273 1003 456 1062 consulatum
474 1021 574 1061 meum
592 1003 714 1079 placere,
730 1003 851 1062 surrexit
870 1004 1017 1062 ornatissi-

60 1121 179 1179 meque
199 1103 236 1160 de
256 1120 325 1160 meo
347 1102 500 1160 consulatu
519 1101 633 1160 locutus
654 1111 706 1173 est,
727 1113 758 1160 ut
777 1103 818 1160 ita
839 1103 955 1173 diceret,
977 1121 1019 1174 se,

63 1201 154 1278 quo'd
174 1211 251 1260 esset
270 1209 395 1272 senator,
414 1201 495 1277 quod
513 1201 591 1271 civis,
608 1202 689 1277 quod
710 1201 790 1272 liber,
804 1202 885 1277 quod
904 1202 1017 1273 viveret,

63 1301 143 1358 mihi
179 1309 332 1375 acceptum
364 1300 485 1371 referre3
522 1299 656 1376 quotiens
689 1301 852 1375 coniugem,
884 1301 1019 1376 quotiens

66 1401 206 1469 domum,
231 1399 366 1475 quotiens
386 1399 509 1474 patriam
529 1399 644 1470 videret,
667 1398 772 1457 totiens
793 1417 825 1457 se
845 1401 1019 1459 beneficium

67 1515 173 1556 meum
184 1497 290 1556 videre.
332 1496 411 1568 Quid
421 1497 529 1556 multa?
544 1507 637 1555 totum
651 1496 728 1556 hunc
742 1497 848 1568 locum,
860 1516 947 1574 quem
962 1516 1019 1575 ego

67 1598 150 1656 varie
172 1597 245 1654 meis
267 1596 455 1666 orationibus,
478 1614 600 1672 quarum
621 1607 653 1654 tu
673 1595 856 1654 Aristarchus
878 1615 918 1668 es,
939 1598 1020 1656 soleo

69 1698 205 1773 pingere,
221 1696 258 1753 de
272 1694 397 1765 flamma,
413 1694 450 1752 de
465 1694 658 1754 ferro-nosti
675 1695 737 1768 illas
750 1695 922 1766 ληκύθους-,
937 1696 1020 1755 valde

71 1796 198 1872 graviter
212 1794 364 1869 pertexuit.
398 1792 553 1851 Proximus
566 1793 709 1869 Pompeio
724 1793 879 1852 sedebam:
894 1794 1020 1854 intellexi

71 1894 225 1952 hominem
236 1893 355 1963 moveri,
365 1901 462 1949 utrum
476 1889 615 1949 Crassum
629 1893 701 1950 inire
716 1910 781 1950 eam
792 1893 921 1968 gratiam,
931 1911 1020 1970 quam

71 1995 136 2068 ipse
152 1992 400 2067 praetermisisset,
416 2007 453 2048 an
472 2007 536 2048 esse
552 1999 646 2048 tantas
664 2009 709 2048 res
728 2001 851 2062 nostras,
866 2010 941 2067 quae
960 2003 1020 2050 tam

72 2091 175 2148 libenti
202 2099 303 2148 senatu
329 2088 521 2159 laudarentur,
544 2089 583 2145 ab
610 2107 646 2147 eo
674 2091 851 2165 praesertim,
873 2091 923 2165 qui
950 2090 1021 2148 mihi

73 2188 191 2247 laudem
205 2188 284 2246 illam
297 2206 333 2246 eo
344 2188 440 2245 minus
455 2187 579 2257 deberet,
589 2186 669 2262 quod
683 2188 756 2244 meis
771 2188 907 2244 omnibus
920 2188 1021 2246 litteris

74 2289 106 2345 in
127 2285 307 2363 Pompeiana
331 2286 416 2344 laude
440 2284 607 2361 perstrictus
627 2294 712 2343 esset.
755 2305 781 2355 4.
805 2284 864 2341 Hie
888 2285 949 2343 dies
972 2304 1020 2344 me

74 2386 158 2444 valde
172 2384 280 2444 Crasso
295 2384 432 2455 adiunxit,
447 2392 476 2442 et
489 2394 588 2442 tamen
605 2385 642 2441 ab
659 2383 707 2441 illo
726 2391 825 2460 aperte
844 2391 919 2442 tecte
939 2385 1021 2460 quic·

76 2485 145 2561 quid
159 2492 202 2542 est
217 2484 316 2542 datum
330 2485 450 2542 libenter
466 2483 573 2560 accepi.
615 2481 681 2558 Ego
696 2491 794 2540 autem
808 2483 879 2558 ipse,
889 2483 919 2540 di
932 2485 1002 2542 boni
1014 2488 1020 2542 l

76 2602 136 2660 quo
160 2583 249 2641 modo
278 2583 528 2656 ἐνεπερπερευσάμην
555 2598 633 2639 novo
657 2580 781 2639 auditori
808 2581 968 2658 Pompeio!
997 2584 1020 2642 si

76 2699 214 2758 umquam
228 2681 298 2738 mihi
312 2683 433 2754 περίοδοι,
449 2680 473 2738 si
488 2683 585 2754 καρποί,
602 2681 626 2738 si
643 2681 810 2752 ἐνθυμήματα,
826 2681 850 2738 si
869 2686 1021 2739 κατασκευαὶ

79 2781 337 2856 suppeditaverunt,
362 2779 411 2837 illo
436 2788 576 2855 tempore.
623 2778 703 2850 Quid
727 2780 837 2838 multa?
869 2781 1019 2839 clamores

78 2879 190 2937 Etenim
200 2878 274 2936 haec
285 2888 346 2937 erat
358 2881 497 2936 ὑπόθεσιςι
516 2879 553 2936 de
567 2879 704 2954 gravitate
716 2879 835 2948 ordinis,
846 2879 883 2937 de
894 2882 1020 2955 equestri

80 2977 239 3048 concordia,
265 2977 302 3036 de
330 2978 525 3036 consensione
552 2977 659 3047 ltaliae,
684 2978 720 3036 de
748 2978 942 3036 intermortuis
975 2997 1020 3036 re·

80 3077 169 3154 liquiis
183 3076 398 3147 coniurationis,
411 3076 447 3134 de
460 3076 573 3146 vilitate,
584 3076 621 3134 de
636 3077 705 3134 otio.
747 3076 834 3134 Nosti
848 3077 906 3134 iam
920 3077 949 3134 in
964 3076 1018 3136 hac

81 3175 193 3233 materia
212 3175 324 3232 sonitus
343 3184 476 3232 nostros:
497 3175 569 3231 tanti
587 3173 710 3244 fuerunt,
725 3183 757 3232 ut
776 3192 832 3250 ego
852 3193 889 3233 eo
906 3177 1020 3234 brevior

82 3275 141 3344 sim,
149 3273 230 3348 quod
239 3291 291 3331 eos
303 3291 395 3348 usque
409 3273 494 3331 istinc
508 3273 658 3331 exauditos
673 3281 782 3348 putem.
819 3287 845 3346 5.
866 3272 1019 3332 Romanae

83 3381 172 3430 autem
196 3389 227 3429 se
252 3389 299 3429 res
323 3372 365 3430 sic
391 3369 517 3430 habent:
547 3381 663 3430 senatus
679 3370 782 3444 Ἄρειος
804 3374 894 3445 πάγος.
938 3371 1019 3428 Nihil

83 3470 261 3541 constantius
283 3470 355 3528 nihil
379 3471 513 3542 severius,
536 3470 607 3530 nihil
629 3470 748 3529 fortius:
772 3487 842 3527 narn
866 3487 933 3528 cum
955 3468 1017 3528 dies
