2452 3842
219 207 281 276 218
491 219 531 270 ra.
557 217 678 268 ructu
697 220 889 268 crccrrorrrs
1037 210 1121 292 [rue
1136 222 1175 268 rr.

217 373 306 448 idque
326 379 358 430 ut
379 369 467 428 facias
488 387 577 446 quarn
597 371 774 447 saepissime,
797 381 829 430 ut
850 381 880 430 et
900 373 977 448 quid
998 381 1033 431 tu
1056 391 1130 448 agas
1149 381 1174 428 et

219 470 289 548 quid
303 477 404 546 agatur
418 469 491 528 scire
505 470 617 546 possIm
631 480 660 528 et
673 471 760 528 etiam
770 471 840 548 quid
855 481 974 530 acturus
988 473 1040 543 sis,
1050 472 1137 530 valde
1150 480 1174 528 te

219 585 303 644 rogo.
345 567 409 628 Etsi
429 566 582 646 periniquo
604 569 734 646 patiebar
754 571 855 628 animo
876 579 905 628 te
930 589 949 628 a
973 589 1027 628 me
1055 568 1174 645 digredi,

219 678 319 728 tamen
337 685 373 727 eo
392 678 524 744 ternpore
543 685 591 726 me
612 669 794 738 consolabar,
815 668 896 745 quod
917 677 948 726 et
969 669 1003 726 in
1025 685 1174 726 summum

219 767 312 826 otium
325 776 353 826 te
367 767 408 826 ire
422 766 580 826 arbitrabar
593 777 623 824 et
636 767 674 825 ab
687 766 925 844 impendentibus
942 769 1067 844 magnis
1088 783 1175 841 nego

207 841 266 925 'tiis
294 865 460 926 discedere:
483 873 638 941 utrumque
666 876 767 923 contra
795 865 899 924 accidit
909 885 919 937 ;
951 885 978 924 2.
1001 865 1073 924 istic
1102 865 1176 923 enim

220 963 327 1023 bellurn
349 973 392 1023 est
413 973 555 1028 exortum.
578 964 624 1022 hic
645 983 704 1042 pax
725 973 894 1040 consecuta,
914 964 967 1022 sed
990 974 1098 1023 tamen
1120 965 1177 1022 eius

221 1063 302 1121 modi
317 1081 384 1140 pax,
398 1061 428 1120 in
443 1079 509 1139 qua,
525 1061 549 1120 si
562 1062 690 1135 adesses,
705 1063 797 1121 multa
809 1073 839 1120 te
853 1080 913 1120 non
934 1061 1132 1131 delectarent,
1146 1079 1178 1118 ea

220 1172 328 1234 tamen,
343 1179 418 1237 quae
433 1179 471 1219 ne
483 1161 582 1237 ipsum
596 1160 753 1221 Caesarem
768 1161 887 1238 quidem
901 1160 1053 1219 delectant
1061 1181 1071 1232 ;
1087 1161 1177 1218 bello

221 1279 286 1318 rum
300 1261 378 1319 enim
393 1259 517 1319 civilium
530 1260 549 1318 ii
564 1277 679 1336 semper
693 1261 786 1318 exitus
801 1268 877 1329 sunt,
891 1267 922 1316 ut
937 1276 1002 1316 non
1023 1277 1063 1316 ea
1084 1259 1178 1318 solum

222 1359 301 1431 fiant,
316 1377 391 1436 quae
407 1359 475 1417 velit
493 1359 593 1431 victor,
609 1359 661 1418 sed
678 1360 775 1429 etiam,
790 1368 822 1416 ut
836 1359 870 1415 iis
883 1374 950 1414 mos
963 1357 1121 1431 gerendus
1136 1358 1177 1426 sit,

223 1458 327 1533 quibus
350 1458 529 1517 adiutoribus
551 1458 587 1516 sit
609 1467 691 1534 parta
711 1457 839 1515 victoria.
880 1453 1030 1530 Equidem
1053 1455 1101 1513 sic
1122 1455 1177 1512 iam

223 1555 355 1627 obdurui,
376 1565 408 1615 ut
428 1557 504 1615 ludis
528 1555 661 1614 Caesaris
685 1555 777 1614 nostri
803 1553 902 1611 animo
926 1553 1115 1628 aequissimo
1139 1555 1178 1610 vi·

223 1652 323 1712 derem
340 1652 377 1714 T.
394 1655 545 1726 Plancum,
560 1654 691 1713 audirem
710 1653 826 1712 Laberii
845 1661 874 1710 et
894 1651 1010 1710 Publilii
1025 1659 1176 1727 poemata.

224 1751 302 1811 Nihil
317 1754 387 1811 mihi
402 1763 461 1812 tam
476 1753 577 1812 deesse
592 1753 665 1812 scito
677 1771 766 1830 quam
777 1751 894 1828 quicum
908 1749 981 1808 haec
996 1748 1177 1808 familiariter

225 1850 369 1928 docteque
392 1853 519 1911 rideam:
544 1853 570 1910 is
593 1862 624 1910 tu
648 1853 713 1920 eris,
729 1852 753 1909 si
777 1869 866 1927 quarn
890 1850 1018 1926 primum
1043 1849 1175 1916 veneris;

225 1951 305 2028 quod
326 1962 359 2009 ut
379 1950 475 2023 iacias,
490 1969 552 2010 non
572 1968 639 2009 mea
660 1949 763 2022 solum,
783 1949 835 2008 sed
856 1948 943 2008 etiarn
964 1958 1015 2006 tua
1034 1947 1177 2006 interesse

226 2051 357 2111 arbitror.

421 2204 487 2260 104.
529 2200 586 2262 ΑΙ)
606 2198 802 2259 ATTICUM
824 2197 908 2256 XIII.
932 2212 979 2270 52.

230 2317 296 2378 Scn.
316 2336 346 2376 m
368 2317 548 2376 Puruonrno
570 2335 597 2374 n.
612 2335 640 2374 n.
656 2333 713 2373 xrv.
729 2313 982 2373 Kn.1mmmrs
1004 2329 1091 2370 nuc.
1109 2324 1175 2387 709.

533 2441 636 2483 crcuno
656 2440 763 2481 nrrrco
784 2439 845 2480 ssu.

274 2561 298 2599 1.
323 2540 351 2601 Ο
381 2557 523 2599 susurrum
551 2538 622 2596 mihi
650 2548 711 2596 tam
739 2555 858 2613 gravem
886 2532 1097 2605 ἇμεταμέλητονῑ
1127 2533 1177 2592 suit

229 2640 307 2698 enim
336 2637 523 2716 periucunde.
567 2636 625 2695 Sed
651 2655 718 2695 curn
744 2634 881 2696 secundis
910 2630 1113 2690 Saturnalibus
1141 2633 1177 2690 ad

230 2735 396 2814 Philippum
410 2735 522 2812 vesperi
536 2736 669 2805 venisset,
679 2734 744 2792 villa
757 2734 797 2793 ita
811 2729 957 2807 completa
969 2729 1112 2788 militibus
1127 2742 1176 2798 est,

231 2842 263 2891 ut
277 2834 324 2892 vix
338 2833 504 2904 triclinium,
516 2834 567 2892 ubi
581 2842 736 2892 cenaturus
749 2832 811 2908 ipse
827 2829 936 2889 Caesar
950 2836 1035 2897 esset,
1045 2839 1175 2898 vacaret;

232 2931 341 3008 quippe
369 2931 521 2990 homiuum
548 2947 593 2991 cro
620 2947 672 2990 crs.
716 2930 792 2988 Sane
818 2946 885 2986 curn
910 2934 1086 2995 commotus,
1110 2927 1178 3002 quid

232 3030 358 3088 futurum
373 3039 449 3088 esset
462 3030 609 3105 postridie,
624 3047 658 3087 ac
677 3028 748 3086 mihi
769 3027 866 3085 Barba
887 3024 1005 3084 Cassius
1027 3025 1177 3082 subvenit:

233 3127 369 3188 custodes
388 3127 476 3188 dedit.
518 3126 621 3186 Castra
642 3127 671 3184 in
692 3144 764 3202 agro
775 3146 783 3198 ;
804 3125 870 3182 villa
891 3122 1011 3181 defensa
1032 3131 1086 3180 est.
1129 3123 1177 3180 Ille

233 3226 322 3286 tertiis
337 3225 536 3285 Saturnalibus
551 3225 628 3302 apud
644 3225 810 3301 Philippum
829 3217 867 3281 ad
885 3222 987 3289 h.vr1.,
1003 3239 1060 3279 nec
1079 3239 1176 3297 quern-

234 3343 323 3404 quam
338 3323 469 3383 admisit:
491 3325 617 3382 rationes
639 3324 744 3398 opinor
765 3341 832 3400 curn
853 3321 945 3379 Balbo
956 3339 964 3392 ;
985 3319 1056 3377 inde
1078 3320 1175 3377 ambu-

235 3423 303 3482 lavit
316 3421 347 3478 in
365 3420 456 3476 litore.
497 3419 568 3477 Post
587 3420 615 3477 h.
630 3437 690 3476 vm.
706 3421 735 3477 iu
754 3420 912 3492 balneum;
934 3427 996 3476 tum
1016 3417 1126 3477 audivit
1144 3419 1175 3476 de
