2454 3842
214 255 276 316 1¹4
484 250 522 298 Μ.
549 250 671 299 rnrrrr
692 251 881 300 ereanoms
1046 236 1112 320 [rm
1126 251 1153 298 11.

212 399 324 476 equites
337 409 405 460 ante
418 412 528 460 certam
542 403 620 462 diem
640 402 822 473 decederent,
838 403 877 463 ob
891 411 1015 479 eamque
1031 420 1152 470 causam

212 509 275 557 tum
289 499 329 557 ob
343 510 453 558 ceteras
468 499 617 560 Salaminii
633 520 689 562 nos
709 505 739 561 in
753 502 866 562 caelum
880 501 1003 560 decretis
1020 503 1081 560 suis
1096 519 1153 559 sus·

212 597 346 657 tulerunt.
389 597 449 658 Sed
476 599 535 658 iam
562 600 633 676 quid
661 617 737 677 opus
761 601 908 677 equitatui
941 601 1058 660 solvunt
1079 602 1154 660 enim

213 695 376 755 Salaminii:
399 697 454 755 nisi
473 696 546 756 forte
566 698 597 756 id
614 699 747 758 volumus
767 699 854 758 armis
874 699 996 770 efficere,
1010 709 1043 757 ut
1056 699 1154 757 faenus
1213 719 1214 740 i

212 795 358 870 quaternis
378 796 543 854 centesimis
563 796 679 856 ducant.
719 796 758 855 Et
777 815 835 874 ego
854 798 970 858 audebo
985 798 1083 874 legere
1096 815 1154 855 um-
1213 847 1214 862 ,

212 909 301 969 quam
322 902 371 952 aut
391 893 531 970 attingere
552 913 604 954 eos
625 895 722 967 libros,
744 912 820 972 quos
840 905 873 954 tu
894 896 1033 968 dilaudas,
1056 899 1081 955 si
1102 896 1154 954 tale

211 991 282 1068 quid
297 991 413 1050 fecero?
435 990 539 1063 Nimis,
549 993 640 1063 nimai,
650 994 779 1071 inquam,
793 994 825 1052 in
838 995 895 1053 isto
909 993 1032 1052 Brutum
1046 995 1154 1062 amasti,

212 1089 378 1150 dulcissime
405 1090 511 1162 Attice,
535 1108 591 1150 nos
619 1109 719 1151 vereor
746 1109 784 1150 ne
812 1110 923 1168 parum.
966 1093 1064 1169 Atque
1086 1093 1154 1150 haec

211 1188 314 1264 scripsi
335 1205 391 1262 ego
412 1188 450 1246 ad
470 1186 594 1248 Brutum
615 1190 766 1267 scripsisse
785 1200 815 1249 te
831 1191 870 1250 ad
888 1209 945 1250 me.
990 1209 1036 1249 ro.
1079 1189 1153 1267 Cog-

211 1302 303 1344 nosce
321 1302 400 1342 nunc
418 1295 521 1346 cetera.
563 1285 622 1344 Pro
641 1287 740 1364 Appio
760 1305 816 1346 nos
836 1287 884 1346 hic
904 1288 1010 1370 omnia¹
1023 1287 1154 1357 facimus,

211 1381 335 1442 honeste
361 1390 469 1454 tamen,
498 1385 550 1444 sed
577 1385 664 1460 plane
691 1385 833 1458 libenter;
869 1405 925 1446 nec
953 1387 1032 1445 enim
1061 1389 1154 1463 ipsum

212 1479 328 1539 odimus
349 1491 377 1539 et
397 1479 520 1540 Brutum
541 1501 682 1556 amamus,
700 1493 729 1542 et
749 1483 909 1560 Pompeius
929 1485 1050 1544 mirifice
1072 1504 1089 1543 a
1110 1503 1155 1543 me

211 1578 369 1649 contendit,
391 1598 479 1655 quern
501 1581 667 1641 mehercule
691 1583 757 1659 plus
778 1582 902 1658 plusque
924 1583 955 1640 in
976 1584 1037 1643 dies
1058 1585 1153 1659 diligo.

213 1674 246 1734 C.
262 1674 394 1735 Caelium
409 1688 593 1754 quaestorem
607 1680 664 1738 huc
677 1680 783 1740 ,venire
796 1680 910 1760 audisti.
952 1680 1072 1754 Nescio,
1089 1683 1155 1759 quid

212 1775 248 1832 sit
255 1793 264 1846 ;
287 1774 339 1833 sed
352 1775 521 1835 Pammenia
535 1777 582 1836 illa
596 1778 666 1836 mihi
684 1797 746 1837 non
760 1779 883 1855 placent
926 1777 993 1855 Ego
1008 1799 1057 1839 me
1073 1799 1155 1858 spero

211 1872 335 1932 Athenis
356 1873 418 1933 fore
439 1893 540 1936 mense
562 1875 732 1952 Septembri.
775 1876 908 1936 Tuorum
930 1878 1066 1938 itinerum
1087 1891 1155 1938 tern-

211 1988 285 2048 pora
306 1972 377 2030 scire
399 1991 469 2033 sane
489 1974 582 2034 velim.
624 1977 748 2046 Εὐήθειαν
770 1975 934 2052 Sempronii
949 1976 1018 2034 Rufi
1033 1979 1156 2054 cognovi

212 2089 249 2130 ex
273 2071 396 2148 epistola
417 2070 600 2148 Corcyraea:
623 2074 694 2150 quid
716 2074 850 2150 quaeris?
871 2075 986 2134 invideo
1011 2078 1156 2152 potentiae

212 2169 348 2230 Vestorii.
390 2168 553 2247 Cupiebam
567 2172 655 2229 etiam
669 2190 747 2230 nune
765 2172 849 2248 plura
867 2172 982 2246 garrire,
999 2173 1052 2232 sed
1065 2175 1158 2233 lucet:

212 2276 296 2344 urget
310 2269 402 2338 turba,
417 2267 531 2327 festinat
550 2268 734 2345 Philogenes.
776 2269 895 2329 Valebis
913 2271 1000 2346 igitur
1017 2281 1045 2331 et
1064 2274 1156 2332 valere

212 2365 314 2424 Piliam
334 2377 363 2426 et
382 2366 539 2426 Caeciliam
557 2377 688 2428 nostram
706 2370 819 2430 iubebis
836 2368 935 2428 litteris
954 2379 983 2430 et
1003 2371 1157 2431 salvebisa

213 2482 282 2525 meo
297 2464 447 2525 Cicerone.
1125 2463 1129 2470 '

412 2629 459 2684 39.
501 2624 558 2684 AB
580 2624 832 2685 FAMILIARES
854 2624 920 2683 XV.
937 2639 964 2699 5.

492 2741 557 2801 Sca.
580 2740 688 2802 Rormn
709 2761 793 2801 nuc.
818 2755 884 2816 704.

430 2867 459 2908 nr.
482 2867 557 2909 caro
578 2868 600 2908 s
622 2869 649 2909 n.
671 2869 702 2907 u.
723 2867 857 2910 crcnnonr
878 2867 937 2907 nra.

258 2978 283 3018 1.
305 2959 394 3031 Quor>
409 2971 438 3021 et
452 2981 497 3022 res
517 2964 632 3040 publica
653 2983 701 3023 me
720 2974 748 3023 et
768 2973 868 3023 nostra
882 2963 1008 3022 amicitia
1021 2962 1159 3034 hortatur,
1215 3001 1216 3030 ,

213 3058 334 3117 libenter
353 3059 437 3132 facio,
452 3072 484 3120 ut
505 3071 584 3120 tuam
606 3064 747 3133 virtutem,
761 3062 965 3132 innocentiam,
982 3061 1160 3138 diligentiam

214 3156 363 3232 cognitam
376 3158 405 3216 in
420 3160 555 3218 maximis
575 3162 661 3220 rebus
682 3162 761 3220 domi
780 3161 887 3237 togati,¹
896 3161 998 3219 armati
1012 3159 1086 3220 ioris
1100 3162 1159 3238 pari

214 3254 353 3314 industria
373 3256 572 3316 administrare
593 3259 756 3335 gaudeam:
785 3259 891 3334 itaque,
914 3257 994 3333 quod
1014 3276 1069 3334 pro
1092 3277 1159 3318 meo

213 3357 320 3417 iudicio
335 3357 428 3416 lacere
448 3361 538 3435 potui,
552 3370 585 3418 ut
603 3361 770 3419 innocentia
787 3360 967 3436 consilioque
988 3369 1040 3418 tuo
1059 3361 1159 3420 defen·

215 3472 278 3515 sam
302 3455 491 3530 provinciam,
514 3466 658 3516 servatum
679 3458 886 3516 Ariobarzanis
907 3476 974 3518 cum
999 3457 1067 3534 ipso
1093 3477 1159 3534 rege
