2454 3842
58 247 104 308 sp.
119 231 175 316 aa]
272 244 386 294 aaran.
407 209 458 293 An
478 244 700 294 rnnrrmrrss
721 247 746 294 r.
769 252 800 318 9.
967 248 1007 317 79

59 406 91 454 et
120 395 270 472 dignitate.
313 395 372 455 Hic
399 397 522 455 multum
550 397 637 456 valuit
669 415 737 456 cum
764 406 846 455 vetus
874 398 1007 471 amicitia,

60 512 153 571 quam
173 503 205 552 tu
225 512 286 552 non
307 495 425 570 ignoras
444 495 514 553 mihi
528 503 556 553 et
571 493 683 566 Quinto
702 494 780 553 fratri
799 513 867 553 cum
882 495 1008 555 Caesare

61 593 162 663 fuisse,
177 603 240 652 turn
253 593 419 652 humanitas
433 595 494 652 eius
514 612 549 652 ac
568 593 720 653 liberalitas
740 594 818 651 brevi
833 602 966 670 ternpore
979 605 1009 654 et

59 694 163 754 litteris
177 703 206 752 et
219 693 321 752 officiis
335 703 487 770 perspecta
500 694 587 752 nobis
601 703 630 752 et
643 692 769 769 cognita.
812 693 1009 753 Vehementer

61 795 152 853 etiam
175 810 221 851 res
244 793 310 868 ipsa
330 792 447 868 publica
467 809 516 850 me
540 791 638 862 movit,
664 809 738 867 quae
765 790 836 849 mihi
859 791 1009 850 videbatur

63 891 292 962 contentionem,
308 892 475 966 praesertim
489 890 623 948 maximis
637 890 724 948 rebus
739 907 758 947 a
771 887 896 948 Caesare
910 891 1007 965 gestia,

62 1008 133 1050 cum
147 990 202 1047 illis
215 989 281 1048 viris
297 990 374 1048 nolle
389 989 449 1047 fieri
464 997 500 1059 et,
515 1007 553 1047 ne
567 988 655 1059 fieret,
669 988 855 1046 vehementer
867 1005 1006 1046 recusare.

63 1087 244 1146 Gravissime
258 1097 356 1146 autem
369 1105 417 1145 me
432 1087 462 1145 in
476 1087 553 1145 hanc
566 1096 695 1144 mentem
708 1086 821 1162 impulit
834 1096 863 1144 et
876 1085 1009 1162 Pompeii

62 1185 147 1256 fides,
162 1204 251 1262 quam
270 1185 307 1244 de
327 1204 375 1244 me
396 1184 515 1244 Caesari
535 1185 662 1256 dederat,
677 1194 705 1243 et
724 1185 817 1244 fratris
837 1185 905 1257 mei,
918 1203 1009 1261 quarn

61 1285 217 1360 Pompeio.
258 1284 350 1342 Erant
368 1295 517 1361 praeterea
534 1283 607 1343 haee
626 1284 880 1343 animadvertenda
897 1285 928 1342 in
942 1286 1008 1342 civi-

61 1391 131 1454 tate,
146 1400 221 1457 quae
236 1393 304 1442 sunt
321 1383 400 1459 apud
421 1383 573 1442 Platonem
593 1392 725 1442 nostrum
745 1383 850 1462 scripta
866 1382 1008 1454 divinitus,

63 1485 167 1561 quales
180 1486 211 1542 in
224 1504 255 1544 re
269 1485 386 1562 publica
403 1486 547 1562 principes
565 1495 670 1557 essent,
685 1486 757 1544 tales
776 1486 901 1562 reliquos
916 1486 1009 1544 solere

62 1601 130 1642 esse
144 1584 229 1642 cives.
264 1583 416 1643 Tenebam
430 1584 571 1643 memoria
584 1583 671 1642 nobis
682 1583 849 1642 consulibus
860 1602 896 1642 ea
905 1583 1009 1642 funda-

62 1689 166 1740 menta
186 1682 262 1762 iacta
284 1682 343 1740 iam
367 1700 404 1740 ex
424 1682 565 1740 Kalendis
587 1682 728 1741 Ianuariis
748 1681 940 1740 confirmandi
965 1700 1009 1740 se·

61 1791 159 1851 natus,
174 1789 206 1838 ut
219 1780 367 1839 neminem
381 1781 477 1838 mirari
496 1789 642 1856 oporteret
661 1779 757 1838 Nonis
776 1779 931 1839 Decembr.
946 1790 1009 1839 tan-

62 1885 127 1934 tum
140 1873 186 1932 vel
200 1875 289 1932 animi
303 1874 390 1933 fuisse
405 1875 435 1932 in
452 1874 501 1934 illo
516 1875 619 1933 ordine
635 1875 680 1933 vel
700 1875 895 1948 auctoritatis3
917 1876 1010 1934 idem-

61 1991 120 2050 que
149 1973 340 2032 memineram
367 1973 452 2032 nobis
476 1973 593 2049 privatis
615 1991 708 2049 usque
737 1973 775 2031 ad
797 1972 953 2031 Caesarem
980 1983 1011 2031 et

60 2071 200 2130 Bibulum
227 2072 371 2144 consules,
393 2091 461 2131 cum
489 2073 647 2132 sententiae
675 2082 792 2130 nostrae
814 2089 956 2146 magnum
977 2074 1008 2129 in

61 2180 167 2230 senatu
186 2171 302 2246 pondus
320 2170 466 2243 haberent,
481 2189 573 2229 unum
593 2169 652 2228 iere
669 2187 789 2229 sensum
807 2169 897 2227 fuisse
916 2169 1010 2228 bono·

61 2287 129 2327 rum
143 2269 284 2326 omnium.
331 2288 375 2344 13.
398 2269 512 2339 Postea,
528 2287 595 2328 cum
614 2279 646 2327 tu
660 2267 835 2344 Hispaniam
849 2267 1010 2326 citeriorem

61 2387 132 2430 cum
147 2368 270 2444 imperio
279 2369 423 2427 obtineres
437 2387 533 2444 neque
544 2387 590 2427 res
604 2367 720 2444 publica
734 2365 868 2424 consules
882 2365 1010 2437 haberet,-

60 2468 116 2528 sed
143 2477 321 2526 mercatores
348 2469 561 2544 provinciarum
588 2477 618 2526 et
645 2466 820 2526 seditionum
848 2481 947 2522 servos
975 2483 1010 2523 ac

60 2567 222 2636 ministros
246 2565 313 2624 iecit
334 2566 453 2642 quidam
474 2583 560 2625 casus
581 2574 669 2642 caput
696 2581 796 2622 meum
816 2562 899 2639 quasi
920 2571 1010 2620 certa-

59 2663 150 2722 minis
174 2681 264 2722 causa
287 2663 317 2721 in
345 2665 472 2723 mediam
494 2665 712 2746 contentionem
740 2661 1010 2737 dissensionemque

60 2760 194 2832 civilem3
217 2761 325 2837 quoin
344 2762 509 2821 discrimine
523 2781 589 2821 cum
611 2763 732 2820 mirifica
752 2769 877 2830 senatus
889 2761 1011 2819 incredi·

58 2860 128 2920 bilis
142 2859 243 2918 Italiae
257 2860 353 2931 totius
370 2861 520 2936 singularis
535 2861 668 2919 omnium
687 2861 833 2918 bonorum
854 2858 1011 2917 consensio

58 2960 92 3017 in
119 2977 169 3016 me
197 2959 308 3018 tuendo
336 2960 499 3028 exstitisset,
523 2977 585 3017 non
610 2958 715 3030 dicam,
739 2958 810 3033 quid
834 2957 1011 3016 acciderit-

58 3057 221 3115 multorum
235 3065 280 3115 est
296 3057 374 3115 enirn
395 3067 424 3115 et
442 3057 520 3115 varia
534 3057 669 3133 culpa-,
684 3065 797 3115 tantum
811 3056 907 3115 dicam
921 3055 1009 3126 brevi,

59 3171 124 3212 non
140 3153 211 3210 mihi
225 3155 383 3213 exercitum
398 3153 449 3214 sed
463 3153 552 3213 duces
563 3153 697 3212 defuisse.
727 3153 762 3211 In
777 3171 846 3230 quo,
856 3161 889 3211 ut
902 3153 964 3210 iarn
976 3152 1012 3210 sit

58 3253 91 3311 in
106 3252 144 3310 iis
159 3251 254 3328 eulpa,
265 3252 315 3329 qui
328 3271 376 3310 me
391 3271 453 3311 non
467 3252 666 3320 defenderunt,
677 3269 739 3310 non
752 3253 850 3309 minor
863 3261 908 3308 est
920 3251 951 3308 in
966 3249 1010 3319 iis,

60 3351 111 3428 qui
125 3351 313 3426 reliquerunt,
328 3361 364 3422 et,
383 3351 407 3410 si
426 3350 583 3410 accusandi
602 3360 678 3421 sunt,
693 3350 716 3410 si
730 3353 780 3426 qui
794 3350 1010 3426 pertimuerunt,

59 3450 158 3526 magis
174 3449 513 3526 etiamreprehendendi,
537 3449 560 3508 si
581 3450 631 3526 qui
652 3466 682 3510 se
703 3450 804 3508 timere
826 3447 1011 3507 simularunt:
