2452 3842
78 211 236 294 mmm]
260 223 373 274 nrrsr.
390 223 440 272 AD
461 224 685 273 mmcmnns
707 225 787 274 xrrr.
808 210 856 274 16.
953 225 1015 292 207

77 376 217 452 possum?
238 376 318 452 quod
332 383 429 434 autem
443 374 578 433 homiues
592 393 610 433 a
629 393 677 434 me
696 375 843 451 postulare
863 375 972 446 scribis,
987 383 1020 433 ut

77 473 182 531 Romae
196 475 258 545 stin,
273 493 355 549 neque
368 475 445 546 mihi,
460 479 493 529 ul
508 473 603 542 obstin,
619 475 763 544 concedere,
778 481 826 530 aut
841 474 861 543 †
876 483 1019 548 quatenus

79 589 131 630 eos
143 571 213 629 mihi
227 571 396 643 concedere,
411 572 470 630 iam
484 571 597 647 pridem
614 572 688 629 scito
706 589 779 640 esse,
794 588 861 628 eum
879 589 971 628 unum
990 581 1020 629 te

78 670 165 748 pluris
187 688 275 746 quam
300 688 403 729 omnes
425 671 488 728 illos
509 680 618 746 putem.
660 668 708 727 Ne
732 686 779 727 me
804 668 922 745 quidem
947 687 1018 728 con·

77 779 186 840 temno,
203 786 328 845 meoque
348 769 456 828 iudicio
476 769 568 826 multo
587 778 662 826 stare
682 768 759 826 malo
779 786 867 845 quam
888 767 1019 825 omniurn

78 866 267 942 reliquorum;
289 885 386 944 neque
399 877 496 925 tamen
512 866 684 944 progredior
702 867 827 942 longius,
842 883 930 941 quam
949 864 1020 922 mihi

78 965 236 1024 doctissimi
263 964 397 1024 homines
425 966 598 1035 concedunt,
627 982 750 1041 quorum
778 965 885 1040 scripta
911 962 1019 1032 omnia,

77 1081 278 1141 quaecumque
302 1051 371 1123 sunt
394 1063 423 1120 in
448 1081 514 1121 eam
539 1064 720 1134 sententiam,
742 1081 804 1122 non
831 1063 888 1137 legi
916 1061 1037 1147 solum,-

77 1161 157 1239 quod
171 1163 265 1238 ipsum
280 1161 434 1222 eratfortis
448 1161 566 1238 aegroti,
582 1162 713 1237 accipere
727 1161 909 1231 medicinam,
924 1159 976 1218 sed
989 1161 1020 1217 in

76 1278 143 1318 mea
167 1261 254 1320 etiam
275 1261 381 1337 scripta
400 1261 541 1330 transtuli,
563 1260 644 1336 quod
665 1270 741 1319 certe
762 1260 869 1318 adflicti
880 1268 919 1318 ,et
939 1257 1020 1317 fracti

76 1358 166 1417 animi
180 1377 241 1418 non
255 1359 315 1418 fuit.
357 1359 405 1417 Ab
418 1358 463 1418 his
478 1377 525 1416 me
540 1357 675 1418 remediis
689 1360 749 1419 noli
763 1360 794 1417 in
808 1359 893 1418 istam
907 1358 1021 1416 turbam

76 1474 191 1528 vocare,
206 1475 243 1515 ne
257 1457 392 1517 recidam.

251 1619 299 1676 97.
341 1615 397 1673 AD
419 1616 670 1676 FAMILIARES
691 1615 777 1674 XIII.
804 1618 848 1674 16.

222 1728 287 1790 Son.
309 1730 449 1789 Asrunm
470 1750 563 1790 nense
584 1732 690 1790 Aennr
711 1749 793 1790 nuc.
818 1744 883 1804 709.

390 1853 492 1895 cronno
513 1854 633 1896 cansam
652 1855 712 1895 sm.

124 1969 148 2008 1.
169 1950 200 2008 P.
222 1950 357 2010 Cnnssun
376 1971 413 2010 ex
432 1953 513 2010 omni
531 1952 680 2010 nobilitate
698 1952 914 2010 adulescentem
935 1949 1022 2009 dilexi

74 2049 244 2126 plurimum,
266 2060 295 2108 et
316 2069 352 2109 ex
376 2069 412 2109 eo
438 2069 506 2109 cum
533 2052 571 2109 ab
595 2051 712 2109 ineunte
740 2051 801 2109 eius
830 2059 922 2108 aetate
945 2049 1022 2106 bene

75 2148 278 2224 speravissem,
303 2157 363 2207 tum
387 2150 514 2226 perbene
542 2149 704 2207 existimare
733 2149 818 2224 coepi
840 2148 874 2205 iis
902 2145 1022 2216 iudiciis,

74 2263 155 2322 quae
177 2247 213 2305 de
233 2264 268 2305 eo
286 2245 403 2319 feceras,
419 2248 552 2323 cognitis.
593 2246 665 2306 Eius
684 2247 817 2306 libertum
831 2246 1021 2322 Apollonium

74 2347 138 2403 iam
158 2354 220 2402 tum
239 2345 381 2421 equidem,
398 2363 466 2403 cum
486 2346 533 2403 ille
546 2344 661 2416 viveret,
676 2355 704 2403 et
722 2346 822 2420 magni
835 2344 978 2403 faciebam
993 2352 1022 2401 et

74 2443 261 2520 probabam:
283 2453 343 2500 erat
358 2444 436 2500 enlm
451 2453 479 2501 et
494 2442 639 2501 studiosus
654 2442 753 2502 Crassi
772 2453 801 2501 et
820 2443 857 2501 ad
871 2443 933 2501 eius
947 2442 1021 2517 opti-

74 2559 131 2599 ma
158 2540 252 2599 studia
271 2540 457 2599 vehementer
484 2550 568 2617 aptus
580 2561 588 2613 ;
618 2541 714 2619 itaque
739 2543 776 2600 ab
800 2559 838 2600 eo
862 2540 1021 2599 admodum

75 2638 261 2715 diligebatur.
306 2659 331 2696 2.
353 2638 424 2697 Post
437 2649 560 2697 mortem
575 2650 672 2698 autem
687 2638 785 2698 Crassi
800 2657 836 2698 eo
850 2638 920 2697 mihi
935 2639 1022 2697 etiam

75 2736 197 2812 dignior
213 2737 290 2795 visus
311 2747 363 2808 est,
378 2754 466 2813 quem
486 2738 516 2794 in
536 2737 624 2796 fidem
644 2748 730 2814 atque
752 2738 907 2796 amicitiam
925 2755 1022 2794 meam

74 2835 249 2910 reciperem,
264 2835 344 2910 quod
362 2853 414 2894 eos
430 2853 448 2893 a
467 2853 497 2893 se
516 2836 714 2894 observandos
733 2844 762 2893 et
781 2834 921 2894 colendos
941 2845 1023 2910 puta-

75 2934 142 3004 bat,
158 2949 233 3008 quos
247 2932 293 2991 ille
308 2933 454 2992 dilexisset
468 2942 497 2990 et
511 2933 616 3009 quibus
631 2951 714 2990 carus
728 2932 837 2992 fuisset.
879 2933 981 3010 Itaque
995 2942 1023 2991 et

74 3030 185 3090 adme
204 3031 235 3088 in
253 3028 384 3089 Ciliciam
398 3031 475 3088 venit
493 3030 647 3106 multisque
666 3031 697 3087 in
716 3033 802 3090 rebus
823 3029 893 3089 mihi
914 3048 1023 3106 magno

73 3127 147 3186 usui
166 3127 218 3185 fuit
239 3139 267 3186 et
286 3127 358 3187 fides
378 3129 439 3187 eius
459 3138 487 3186 et
505 3128 666 3204 prudentia,
686 3138 722 3199 et,
740 3139 772 3187 ut
791 3130 904 3206 opinor,
923 3130 974 3187 tibi
993 3129 1024 3186 in

73 3227 280 3286 Alexandrino
300 3228 386 3299 bello,
401 3238 541 3305 quantum
562 3229 658 3286 studio
680 3238 709 3286 et
728 3228 864 3287 fidelitate
885 3228 1025 3304 consequi

73 3326 186 3404 potuit,
205 3343 268 3383 non
287 3325 396 3383 defuit:
419 3344 446 3400 3.
468 3324 549 3400 quod
570 3343 637 3384 cum
659 3335 786 3401 speraret
806 3336 834 3384 te
849 3343 966 3401 quoque
985 3325 1025 3381 ita

74 3422 257 3495 existimare,
272 3422 301 3480 in
321 3421 496 3499 Hispaniam
515 3422 553 3481 ad
572 3433 607 3494 te,
625 3424 751 3482 maxIme
769 3423 815 3481 ille
835 3423 952 3499 quidem
971 3439 1025 3479 suo
