2454 3842
54 266 96 325 up.
113 249 170 331 sa]
247 317 250 323 .
276 259 388 309 nrrsr.
411 258 461 307 ar>
482 257 647 308 armetur
670 263 699 310 ν.
725 265 772 312 21.
938 266 997 330 103

54 411 230 470 nuntiantes.
271 409 364 468 Axius
387 418 485 469 noster
506 410 545 468 ait
566 420 680 470 nostras
701 410 877 471 auctoritatis
898 413 999 488 plenas

53 509 152 580 fuisse,
175 507 229 566 illis
254 516 342 584 negat
366 508 514 567 creditum.
555 507 650 566 Bibuli
675 509 806 568 nondum
829 521 910 569 erant
932 512 999 570 alla·

53 619 111 678 tae,
127 625 199 683 quas
217 614 296 665 certo
315 605 377 664 scio
396 605 497 682 plenas
516 608 627 667 timoris
641 608 711 667 fore.
756 627 782 682 3.
803 606 848 665 Ex
862 609 897 668 iis
913 612 1000 670 rebus

54 707 113 764 hoc
142 722 249 775 vereor,
272 722 317 773 ne,
342 721 408 762 cum
437 704 594 782 Pompeius
622 715 752 783 propter
767 716 878 765 metum
905 726 1001 767 rerum

56 820 199 892 novarum
227 819 370 877 nusquam
398 801 563 875 dimittatur,
592 803 711 863 Caesari
739 805 832 865 nullus
860 805 957 864 honos
984 825 1002 863 a

57 911 162 960 senatu
188 900 335 972 habeatur,
358 900 428 959 dum
449 901 495 960 hic
516 902 612 962 nodus
637 903 814 980 expediatur,
836 922 897 962 non
921 913 1002 979 putet

57 1009 177 1058 senatus
198 1018 261 1071 nos,
280 1009 436 1076 antequam
457 1017 625 1059 successum
646 1002 689 1072 sit,
707 1010 841 1078 oportere
862 1001 1003 1060 decedere

57 1117 114 1156 nec
139 1099 170 1156 in
195 1108 275 1157 tanto
300 1108 383 1157 motu
406 1117 502 1158 rerum
525 1100 611 1158 tantis
633 1100 789 1176 provinciis
814 1099 943 1174 singulos
965 1101 1003 1158 le-

58 1207 145 1272 gatos
172 1215 315 1272 praeesse.
366 1195 434 1268 Hic,
459 1215 497 1256 ne
524 1198 595 1273 quid
621 1197 691 1254 mihi
719 1207 898 1274 prorogetur,
924 1199 1004 1274 quod

59 1313 98 1352 ne
120 1295 292 1354 intercessor
310 1295 429 1371 quidem
448 1295 588 1354 sustinere
609 1295 712 1370 possit,
731 1295 845 1367 horreo,
863 1307 949 1373 atque
969 1315 1004 1356 eo

60 1392 165 1467 magis,
187 1393 267 1469 quod
287 1403 319 1451 tu
339 1393 418 1462 abes,
441 1393 490 1469 qui
512 1392 642 1463 consilio,
664 1393 763 1468 gratia,
789 1394 885 1453 studio
909 1396 1006 1455 multis

60 1490 150 1548 rebus
174 1508 349 1550 occurreres.
393 1486 478 1573 [Sed]
505 1491 584 1550 dices
607 1510 656 1549 me
684 1491 780 1568 ipsum
804 1493 874 1550 mihi
903 1494 1007 1554 sollici-

60 1588 195 1647 tudinem
223 1598 347 1648 struere:
378 1607 477 1666 cogor,
503 1600 531 1649 et
555 1589 640 1648 velim
664 1591 703 1649 ita
727 1590 770 1648 sit.
822 1590 880 1650 Sed
907 1593 1008 1651 omnia

61 1697 172 1745 metuo.
213 1686 276 1746 Etsi
297 1686 404 1746 bellum
427 1689 618 1763 ἀκροτελεύτιον
636 1689 724 1747 habet
742 1689 790 1746 illa
808 1698 857 1748 tua
877 1691 1007 1765 epistola,

63 1803 155 1861 quam
169 1785 271 1844 dedisti
291 1803 435 1844 nauseans
455 1785 614 1846 Buthroto:
636 1787 713 1858 ‘tibi,
728 1795 760 1845 ut
773 1787 857 1846 video
871 1797 900 1845 et
914 1807 1008 1864 spero,
1046 1855 1050 1862 ¹

63 1883 143 1943 nulla
164 1883 202 1942 ad
223 1884 424 1943 decedendum
444 1885 543 1944 mora!
586 1884 707 1944 Mallem
728 1889 775 1943 ‘ut
795 1885 909 1957 video;'
940 1887 1009 1945 nihil

64 2000 140 2058 opus
163 1981 216 2040 fuit
237 1987 285 2041 ‘ut
306 1983 409 2061 spero!
452 2001 478 2055 4.
501 1983 683 2060 Acceperam
704 1992 801 2041 autem
823 1984 891 2041 satis
912 1984 1009 2042 celeri·

63 2092 108 2139 ter
135 2080 229 2140 Iconii
256 2099 309 2156 per
335 2081 557 2158 publicanorum
583 2081 748 2141 tabellarios
776 2100 793 2139 a
821 2081 935 2138 lentuli
962 2082 1010 2138 tri·

64 2179 178 2256 umpho
198 2179 287 2238 datas.
328 2179 363 2236 In
380 2179 424 2238 his
440 2180 612 2254 γλυκύπικρον
627 2179 697 2237 illud
714 2179 879 2249 confirmas,
896 2195 1010 2236 moram

65 2278 138 2336 mihi
158 2276 266 2336 nullam
287 2276 356 2348 fore,
377 2276 481 2336 deinde
502 2277 594 2348 addis,
611 2277 636 2334 si
656 2277 726 2353 quid
747 2294 837 2347 secus,
856 2284 884 2333 te
905 2276 1010 2333 adme

66 2396 132 2438 esse
153 2385 314 2436 venturum.
357 2374 478 2451 Angrmt
494 2394 542 2434 me
561 2376 753 2434 dubitationes
772 2384 854 2444 tuae3
880 2371 965 2430 simul
984 2383 1013 2430 et

66 2476 157 2546 vides,
186 2491 259 2549 quas
286 2475 447 2549 acceperim
474 2474 589 2534 litteras.
642 2473 721 2533 Nam
752 2473 824 2548 q'uas
857 2470 1011 2540 Hermoni,

67 2572 246 2633 centurionis
274 2571 414 2643 Canuleii,
443 2573 506 2649 ipse
540 2573 640 2631 scribis
667 2581 695 2629 te
724 2569 846 2640 dedisse,
874 2587 935 2627 non
966 2587 1013 2627 ac-

67 2674 142 2750 cepi.
185 2670 285 2730 Laenii
304 2671 401 2747 pueris
420 2679 449 2728 te
470 2671 585 2730 dedisse
605 2689 692 2746 saepe
713 2668 751 2727 ad
772 2686 820 2726 me
841 2669 1013 2743 scripseras:

67 2791 119 2832 eas
144 2771 309 2830 Laodiceae
334 2769 468 2845 denique,
493 2787 561 2828 curn
588 2787 626 2828 eo
652 2769 805 2838 venissem,
831 2767 915 2824 tertio
944 2765 1014 2824 Idus

68 2872 207 2930 Februar.
241 2867 367 2926 Laenius
401 2867 472 2926 mihi
504 2867 635 2938 reddidit,
664 2867 746 2925 datas
780 2885 804 2924 a.
832 2865 860 2924 d.
888 2881 914 2921 x.
947 2862 1013 2921 Kal.

69 2970 224 3030 Octobres.
259 2965 370 3023 Laenio
398 2975 462 3024 tuas
486 2964 756 3025 commendationes
784 2971 813 3021 et
836 2963 933 3021 statim
954 2979 1015 3018 ver·

68 3069 114 3126 bis
135 3077 165 3125 et
185 3065 296 3139 reliquo
317 3073 448 3139 tempore
468 3064 660 3139 reprobabo.
703 3076 730 3136 5.
751 3060 812 3118 Eae
834 3060 943 3118 litterae
969 3077 1016 3116 ce·

69 3178 131 3226 tera
159 3171 256 3222 vetera
282 3161 436 3233 habebant,
464 3179 555 3220 unum
582 3159 640 3219 hoc
670 3177 788 3230 novum,
814 3157 850 3215 de
876 3155 1017 3231 Cibyratis

69 3261 228 3342 pantheris.
271 3258 397 3317 Multum
413 3270 441 3318 te
460 3277 536 3330 amo,
551 3259 631 3336 quod
647 3257 821 3334 respondisti
838 3253 880 3312 M.
895 3252 1018 3312 Octavio

69 3375 97 3424 te
113 3379 177 3420 non
196 3367 313 3436 putare3
336 3358 387 3417 sed
405 3359 527 3435 posthac
541 3359 648 3428 omnia,
663 3374 738 3433 quae
757 3364 835 3413 certa
852 3358 1019 3417 nonerunt,

69 3479 126 3541 pro
141 3468 221 3519 certo
237 3466 351 3532 negato
395 3456 461 3516 Nos
478 3457 556 3516 enim
573 3465 602 3515 et
618 3464 718 3516 nostra
735 3461 839 3530 sponte
855 3451 931 3508 bene
945 3447 1022 3506 firmi
