2452 3842
61 197 118 258 rap.
138 182 209 266 ua]
265 193 378 247 rrrsr.
400 193 450 242 ao
470 193 693 244 rrmrranrs
714 195 778 242 xrr.
802 201 831 248 a.
955 199 1014 260 241

262 398 327 454 rra.
369 396 425 454 Ao
445 394 695 453 alirumnas
716 393 793 482 ΧΠ.Ι
810 355 837 451 2J

116 509 186 570 Ser.
210 510 319 572 Rormn
340 530 474 571 nmunrn
494 529 587 570 urrisu
609 510 775 568 Surrentum
795 520 917 585 uuest]
941 527 969 566 o.
1015 510 1019 578 f

397 637 499 680 cronno
519 636 613 678 cassio
633 636 694 677 sna.

120 749 147 788 1.
170 731 376 793 Vannrrnnrnn
394 735 485 793 laetor
502 733 554 792 tibi
575 733 690 809 probari
711 730 883 791 sententiam
904 740 933 788 et
953 747 1017 788 ora-

65 829 190 886 tionem
216 849 328 903 meam;
358 851 416 908 qua
444 831 469 890 si
496 832 612 906 saepius
639 829 681 887 uti
708 828 814 899 liceret,
842 828 913 886 nihil
940 839 1017 886 esset

65 929 189 1001 negotii
202 927 361 987 libertatern
376 937 404 987 et
417 947 479 987 rem
492 928 637 1006 publicam
651 927 816 1003 reciperare.
853 925 911 984 Sed
925 925 1016 985 homo

68 1043 180 1084 amens
194 1035 223 1084 et
236 1026 364 1102 perditus
377 1027 526 1102 multoque
540 1027 661 1103 nequior
676 1044 764 1101 quam
777 1025 824 1082 ille
843 1025 914 1100 ipse,
929 1042 1017 1099 quem

68 1133 107 1180 tu
141 1125 351 1200 nequissimum
383 1125 513 1184 occisum
547 1142 611 1183 esse
645 1125 747 1194 dixisti,
776 1123 872 1181 caedis
904 1122 1016 1179 initium

69 1221 198 1296 quaerit,
213 1222 379 1298 nullamque
393 1223 478 1280 aliam
497 1223 537 1280 ob
556 1240 675 1280 causam
694 1240 741 1280 me
761 1231 907 1280 auctorem
928 1219 1016 1278 fuisse

69 1317 211 1378 Caesaris
232 1320 421 1379 interficiendi
442 1321 615 1391 criminatur,
636 1321 692 1380 nisi
715 1331 747 1378 ut
770 1321 801 1378 in
822 1337 868 1378 me
889 1319 1016 1377 veterani

69 1417 248 1477 incitentur:
271 1420 352 1494 quod
376 1438 433 1495 ego
459 1419 617 1495 periculum
642 1438 703 1478 non
727 1420 904 1490 extimesco;
926 1417 1016 1476 modo

68 1517 162 1574 vestri
176 1517 242 1575 facti
255 1518 378 1595 gloriam
393 1537 460 1577 curn
474 1537 540 1576 mea
553 1519 639 1576 laude
653 1519 855 1577 communicet.
897 1517 942 1575 Ita
962 1535 1017 1574 nec

69 1613 185 1685 Pisoni,
201 1616 250 1690 qui
264 1616 295 1672 in
309 1634 376 1673 eum
390 1617 501 1692 primus
520 1617 648 1675 invectus
669 1625 712 1674 est
730 1616 809 1674 nullo
829 1615 1017 1685 adsentiente,

68 1731 132 1771 nec
147 1714 224 1784 mihi,
234 1715 283 1791 qui
297 1715 375 1773 idern
388 1715 554 1774 tricensimo
569 1725 636 1791 post
650 1715 695 1772 die
710 1715 774 1786 leci,
785 1733 840 1773 nec
851 1715 883 1772 P.
889 1713 1016 1783 Servilio,

71 1813 128 1888 qui
156 1830 202 1871 me
230 1823 274 1872 est
302 1825 483 1886 consecutus
506 1822 568 1873 tuto
596 1815 626 1871 in
654 1823 787 1872 senatum
814 1814 910 1871 venire
934 1814 1015 1872 lieet:

72 1911 199 1970 caedem
219 1913 297 1969 enim
317 1913 460 1988 gladiator
476 1913 587 1990 quaerit
605 1913 724 1988 eiusque
742 1913 854 1970 initium
873 1912 1015 1970 a.d.x111.

73 2009 146 2069 Kal.
161 2009 280 2069 Octobr.
293 2029 312 2068 a
328 2030 377 2070 me
396 2031 428 2070 se
447 2011 589 2070 facturum
608 2013 723 2088 putavit,
739 2011 775 2069 ad
793 2030 880 2088 quem
898 2019 1016 2086 paratus

73 2119 201 2180 venerat,
217 2128 284 2167 cum
303 2110 332 2167 in
347 2109 411 2168 villa
425 2109 535 2168 Metelli
549 2109 712 2186 complures
726 2111 788 2168 dies
803 2100 1015 2169 commentatus

72 2217 161 2267 esset.
203 2208 287 2280 Quae
312 2217 408 2267 autem
433 2209 464 2266 in
487 2209 582 2267 lustris
606 2219 635 2266 et
659 2209 689 2266 in
713 2209 781 2267 vino
809 2209 1014 2267 commentatio

72 2308 171 2386 potuit
190 2308 273 2365 esse?
295 2307 391 2384 itaque
416 2308 552 2366 omnibus
576 2317 621 2366 est
643 2307 729 2378 visus,
750 2317 783 2366 ut
809 2309 847 2366 ad
874 2317 902 2365 te
930 2315 1015 2364 antea

73 2406 185 2480 scripsi,
199 2423 315 2463 vomere
336 2424 390 2464 suo
408 2424 498 2476 more,
514 2425 575 2465 non
596 2405 699 2464 dicere.
743 2426 768 2465 a.
791 2406 859 2478 Qua
879 2425 919 2476 re,
934 2405 1014 2482 quod

73 2503 176 2563 scribis
190 2514 218 2562 te
233 2503 377 2563 confidere
392 2505 560 2563 auctoritate
575 2513 602 2563 et
617 2505 781 2581 eloquentia
794 2515 893 2563 nostra
906 2504 1015 2581 aliquid

72 2601 177 2680 profici
195 2620 291 2677 posse,
307 2620 367 2660 non
388 2603 468 2674 nihil,
482 2613 513 2662 ut
527 2604 557 2661 in
569 2605 656 2662 tantis
669 2604 761 2674 maiia,
775 2613 818 2662 est
832 2602 1012 2679 profectum:

72 2701 213 2776 intellegit
226 2703 304 2760 enim
318 2702 443 2778 populus
457 2702 610 2761 Romanus
624 2712 681 2762 tres
696 2722 760 2762 esse
774 2703 949 2774 consulares,
964 2704 1014 2780 qui

74 2801 233 2877 quiaque:
247 2800 283 2859 de
297 2820 328 2859 re
342 2802 458 2878 publica
476 2803 550 2860 bene
571 2803 720 2872 senserint,
735 2803 821 2868 libere
840 2803 928 2861 locuti
948 2804 1013 2874 sint,

73 2909 140 2962 tuto
157 2900 186 2956 in
204 2910 336 2958 senatum
355 2901 451 2959 venire
470 2918 531 2958 non
552 2904 674 2976 possint.
715 2901 780 2960 Nec
801 2911 845 2960 est
865 2912 1014 2977 praeterea
1054 2939 1057 2945 ·

73 2998 156 3076 quod
171 2999 326 3074 quicquam
346 3008 509 3074 exspectes;
531 3009 596 3059 tuus
615 3001 693 3058 enim
712 3000 891 3058 necessarius
912 3000 1014 3058 adfini·

72 3108 134 3158 tate
164 3115 240 3155 nova
271 3097 445 3156 delectatur:
480 3098 576 3173 itaque
609 3099 666 3156 iam
699 3116 759 3156 non
791 3108 835 3157 est
867 3101 1013 3159 studiosus

72 3196 207 3257 ludorum
227 3196 396 3272 infinitoque
416 3197 508 3256 fratris
528 3198 569 3256 tui
589 3198 692 3274 plausu
713 3197 890 3274 dirumpitur.
931 3199 1013 3257 Alter

74 3301 145 3357 item
165 3294 266 3352 adfinis
291 3297 374 3354 novis
398 3298 612 3356 commentariis
637 3296 769 3355 Caesaris
794 3298 934 3357 delenitus
958 3310 1012 3356 est.

78 3394 137 3458 Sed
156 3394 227 3452 haec
249 3393 420 3453 tolerabilia:
442 3397 511 3454 illud
532 3415 593 3454 non
614 3396 773 3465 ferendum,
793 3398 873 3473 quod
895 3407 947 3467 est,
962 3398 1012 3473 qui

534 3515 554 3556 n
