2432 3844
207 243 249 327 56
491 255 873 309 M.TUrrrrercaRorv1s
1038 249 1143 331 [nan

206 413 370 488 perturbati.
413 411 564 472 Praeterea
583 425 649 473 sunt
663 417 807 490 quaedam
827 417 996 488 domestica,
1012 436 1087 494 quae
1106 417 1145 474 lit-
1203 487 1204 490 Ἴ

207 513 275 572 teris
295 530 355 570 non
375 514 532 571 committo.
585 513 623 585 Q.
648 513 764 572 fratrem
785 511 891 592 insigni
909 516 1025 591 pietate,
1040 517 1145 582 virtute,
1203 503 1204 530 ³

207 611 264 669 fide
279 612 440 687 praeditum
455 613 496 671 sic
511 630 586 684 amo,
599 623 631 671 ut
646 614 749 671 debeo.
790 613 836 671 Te
851 623 989 689 exspecto
1005 625 1034 672 et
1048 632 1101 672 oro
1119 623 1146 670 ut

206 720 333 769 matures
354 711 450 768 venire
471 729 566 788 eoque
587 713 687 770 animo
708 712 815 781 venias,
836 722 867 770 ut
888 730 935 771 me
956 724 1007 770 tuo
1030 713 1147 771 consilio

206 828 291 886 egere
303 828 364 868 non
375 810 463 868 sinas.
504 811 630 868 Alterius
641 812 715 868 vitae
726 811 875 888 quoddam
886 811 998 869 initium
1013 811 1147 868 ordimur.

207 908 270 966 lam
282 908 409 984 quidam,
419 908 469 983 qui
484 926 539 967 nos
553 910 688 968 absentes
703 909 903 982 defenderunt,
915 910 1059 986 incipiunt
1071 925 1147 985 prae-

208 1008 338 1065 sentibus
362 1006 475 1065 occulte
500 1007 591 1078 irasci,
616 1017 713 1083 aperte
741 1007 883 1066 invidere:
913 1008 1102 1067 vehementer
1125 1018 1147 1063 te

206 1106 386 1182 requirimus.
429 1095 434 1112 '
848 1118 850 1126 ’

419 1271 466 1325 21.
508 1266 566 1325 AD
587 1266 842 1326 FAMILIARES
863 1266 886 1326 Ι.
913 1288 936 1326 1.

327 1381 393 1442 Scn.
415 1381 524 1440 Roma
546 1381 644 1442 lnraus
667 1382 817 1442 lanuinus
838 1401 923 1444 nuc.
947 1385 1015 1459 698.

394 1507 424 1547 n.
447 1507 548 1548 creano
569 1507 664 1547 sni.
688 1507 824 1548 aanruro
844 1508 959 1550 rnocos.

251 1627 273 1665 1.
296 1606 362 1666 Eoo
387 1605 468 1664 omni
490 1605 586 1664 officio
607 1624 640 1664 ac
661 1605 758 1682 potius
779 1607 885 1682 pietate
907 1624 977 1681 erga
997 1615 1027 1664 te
1051 1608 1148 1665 ceteris

205 1708 273 1766 satis
288 1705 363 1764 facio
377 1705 521 1775 omnibus,
533 1704 603 1761 mihi
618 1705 679 1780 ipse
694 1723 854 1780 numquam
870 1705 938 1763 satis
953 1705 1048 1776 sacio;
1069 1714 1145 1762 tanta

205 1806 283 1865 enim
304 1803 475 1878 magnitudo
495 1812 539 1860 est
557 1812 672 1860 tuorum
692 1821 761 1878 erga
774 1822 821 1862 me
832 1804 1011 1874 meritorum,
1025 1813 1066 1875 ut,
1083 1805 1147 1881 quia

204 1914 235 1962 tu
258 1903 312 1961 nisi
334 1900 460 1978 perfecta
480 1919 510 1958 re
530 1901 566 1958 de
585 1919 633 1959 me
654 1920 714 1959 non
733 1903 903 1978 conquiesti,
918 1920 983 1978 egb,
998 1904 1069 1978 quia
1088 1921 1145 1960 non

204 2003 282 2060 idem
296 2003 326 2058 in
340 2010 390 2058 tua
403 2017 491 2058 causa
505 1998 606 2068 efficio,
620 2000 708 2057 vitam
726 1999 797 2057 mihi
810 2018 874 2058 esse
890 2001 1024 2058 acerbam
1039 2009 1145 2077 putem.

205 2102 240 2158 ln
256 2118 343 2159 causa
367 2099 439 2156 haec
464 2106 549 2156 sunt:
575 2096 782 2169 Hammonius,
806 2099 883 2174 regis
908 2098 1027 2174 legatus,
1052 2107 1144 2174 aperte

204 2199 396 2276 pecuniarios
411 2206 581 2273 oppugnat;
603 2215 650 2254 res
669 2199 763 2273 agitur
777 2216 829 2274 per
843 2197 963 2256 eosdem
982 2197 1143 2267 creditores,

205 2319 256 2376 per
274 2317 358 2375 quos,
380 2316 447 2355 cum
465 2306 495 2354 tu
515 2295 625 2365 aderas,
645 2295 791 2371 agebatur.
834 2295 925 2373 Regis
947 2312 1034 2354 causa
1056 2295 1080 2353 si
1102 2294 1145 2369 qui

205 2408 272 2457 sunt
287 2399 335 2473 qui
350 2397 445 2465 velint,
460 2395 510 2470 qui
524 2395 609 2470 pauci
625 2403 699 2463 sunt,
714 2411 818 2452 omnes
837 2413 899 2452 rem
918 2394 955 2451 ad
974 2393 1143 2470 Pompeium

204 2497 306 2556 deferri
317 2496 433 2565 volunt;
450 2503 566 2551 senatus
575 2492 722 2567 religionis
734 2493 909 2550 calumniam
923 2510 984 2549 non
1000 2492 1146 2568 religione,

204 2596 256 2653 sed
278 2591 477 2650 malevolentia
498 2600 527 2648 et
549 2590 622 2648 illius
643 2589 739 2665 regiae
760 2589 920 2666 largitionis
940 2589 1049 2647 invidia
1066 2607 1144 2647 com-

204 2694 317 2770 probat.
362 2709 388 2747 a.
412 2687 584 2764 Pompeium
606 2697 634 2746 et
653 2688 759 2746 hortari
775 2698 802 2747 et
816 2706 907 2759 orare,
926 2688 1013 2746 etiam
1032 2688 1144 2746 liberius

204 2807 338 2850 accusare
367 2798 395 2846 et
423 2805 550 2857 monere,
579 2796 610 2844 ut
638 2803 776 2862 magnam
797 2786 946 2844 infamiam
967 2785 1065 2861 fugiat,
1087 2805 1144 2844 non

203 2889 369 2950 desistimus
380 2907 387 2959 ;
410 2886 462 2944 sed
481 2885 567 2961 plane
587 2903 641 2942 nec
660 2883 794 2960 precibus
813 2885 920 2943 nostris
940 2903 995 2942 nec
1017 2885 1146 2943 admoni-

203 2988 330 3046 tionibus
344 2986 477 3062 relinquit
489 2985 602 3043 locum:
617 3003 687 3042 narn
698 3003 765 3043 cum
776 2984 807 3041 in
818 3002 953 3042 sermone
968 2984 1144 3058 quotidian0,

202 3097 264 3145 tum
289 3087 320 3142 in
344 3095 446 3143 senatu
470 3084 567 3160 palam
591 3085 632 3142 sic
656 3085 714 3160 egit
738 3101 856 3142 causam
881 3093 969 3152 tuam,
995 3093 1026 3142 ut
1052 3102 1144 3159 neque

203 3184 369 3260 eloquentia
397 3183 506 3241 maiore
539 3183 692 3258 quisquam
721 3201 775 3241 nec
804 3183 943 3258 gravitate
972 3200 1026 3240 nec
1054 3184 1145 3242 studio

202 3302 257 3342 nec
277 3283 464 3340 contentione
483 3300 569 3357 agere
588 3283 722 3358 potuerit,
738 3299 805 3339 cum
821 3300 934 3339 summa
948 3280 1144 3340 testificatione

202 3393 317 3440 tuorum
337 3382 367 3439 in
385 3399 416 3438 se
435 3381 597 3439 officiorum
616 3391 645 3439 et
666 3380 773 3438 amoris
793 3398 861 3455 erga
880 3390 908 3438 te
929 3380 978 3438 sui.
1024 3377 1144 3440 Marcel-

202 3478 293 3536 linum
314 3475 365 3535 tibi
386 3493 450 3535 esse
469 3475 572 3532 iratum
594 3475 665 3532 scis:
688 3474 711 3532 is
739 3473 793 3532 hac
814 3473 895 3550 regia
916 3492 1004 3533 causa
1026 3488 1144 3553 excepta
