2452 3842
249 247 311 328 246
520 257 559 312 rr.
586 255 705 308 aaran
727 253 919 308 crosnonrs
1104 247 1188 330 [sarr.

248 418 413 480 Archilochi
438 419 560 492 iambus,
583 420 624 478 sic
646 418 768 495 epistola
791 425 840 477 tua
864 418 1049 494 longissima
1072 435 1189 494 quaeque

248 518 360 596 optima
382 517 501 578 videtur.
545 519 634 592 Quod
657 536 704 577 me
729 518 879 588 admones,
902 527 934 574 tu
959 535 1036 576 vero
1064 517 1186 576 etiamsi

248 615 482 693 reprehenderes,
503 637 564 677 non
584 616 675 677 modo
700 615 782 674 facile
807 625 927 691 paterer,
952 616 1011 673 sed
1032 616 1125 673 etiam
1142 614 1185 674 lae-

247 723 331 786 tarer,
352 716 460 793 quippe
481 735 548 775 cum
572 719 603 775 in
627 715 850 793 reprehensione
875 713 912 771 sit
941 713 1108 789 prudentia
1133 729 1185 771 cun

249 813 369 886 εὐμενείᾳ.
411 815 455 873 Ita
474 815 594 874 libenter
608 834 643 873 ea
657 815 809 890 corrigam,
823 829 897 887 quae
911 829 930 868 a
945 821 973 868 te
991 813 1186 870 animadversa

248 920 323 969 sunt.
365 911 496 973 ‘Eodem
521 915 590 985 iure,
611 929 670 990 quo
692 911 852 970 Rubriana'
874 910 982 986 potius,
1007 929 1103 986 quam
1125 915 1186 984 ‘quo

249 1007 410 1084 Scipionis‚’
430 1021 459 1070 et
480 1012 517 1070 de
537 1011 669 1070 laudibus
694 1009 860 1068 Dolabellae
886 1008 1011 1066 deruam
1037 1008 1186 1067 cumulum.

247 1107 292 1165 Ac
306 1116 403 1167 tamen
418 1120 462 1168 est
476 1111 531 1169 isto
545 1109 611 1167 loco
625 1109 708 1180 bella,
719 1118 750 1166 ut
763 1107 833 1164 mihi
848 1105 967 1177 videtur,
978 1109 1112 1180 εἰρωνεία,
1121 1106 1187 1184 quod

246 1223 313 1264 eum
328 1215 371 1266 ter
385 1217 486 1267 contra
499 1208 575 1268 cives
590 1210 620 1266 in
634 1209 702 1266 acie.
746 1206 822 1266 illud
840 1207 927 1264 etiam
947 1206 1031 1264 malo
1048 1209 1090 1279 ‘†
1105 1205 1187 1281 indig-

246 1406 360 1478 γροφίαν
381 1405 522 1465 Varronis
545 1408 596 1464 tibi
621 1407 736 1482 probari
760 1423 821 1463 non
846 1404 968 1462 moleste
992 1399 1070 1477 ser0,
1096 1425 1186 1484 aquo

246 1502 342 1562 adhuc
357 1507 555 1577 Ἠρακλείδιιον
572 1503 641 1562 illud
660 1521 720 1563 non
740 1502 850 1562 abstuli.
894 1501 986 1574 Quod
1004 1521 1057 1562 me
1071 1503 1187 1564 hortaris

246 1601 284 1659 ad
297 1602 492 1675 scribendum,
507 1605 599 1662 amice
613 1613 644 1661 tu
658 1602 783 1679 quidem,
800 1602 852 1660 sed
865 1620 912 1660 me
928 1603 1003 1659 scito
1020 1621 1114 1678 agere
1128 1605 1186 1662 nihil

245 1701 330 1758 aliud.
373 1701 509 1760 Gravedo
534 1714 584 1760 tua
608 1701 678 1760 mihi
702 1701 824 1759 molesta
848 1711 907 1758 est:
932 1717 1057 1776 quaeso,
1081 1704 1185 1772 adhibe,

244 1817 333 1875 quam
355 1800 438 1874 soles,
459 1800 644 1876 diligentiam.
687 1800 733 1859 ‘O
753 1798 832 1856 Tite’
852 1799 902 1857 tibi
923 1798 1072 1876 prodesse
1094 1802 1185 1862 laetor.

244 1898 392 1972 Anagnini
414 1908 479 1956 sunt
501 1897 628 1956 Mustela
645 1899 783 1971 ταξιάρχης
803 1906 830 1954 et
852 1897 938 1968 Laco,
959 1899 1011 1973 qui
1035 1899 1185 1974 plurimum

244 1997 324 2054 bibit.
367 1995 495 2067 Librum,
518 2012 606 2072 quem
634 2011 729 2070 rogas,
755 1996 915 2072 perpoliam
940 2005 969 2053 et
993 1998 1125 2058 mittam.
1164 2019 1185 2069 4.

245 2094 329 2153 Haec
352 2095 389 2153 ad
415 2096 615 2170 posteriorem.
657 2098 694 2150 Τὰ
714 2095 776 2168 περί
797 2099 842 2150 Ιτοῦ
864 2095 1022 2167 καθήκοντος,
1048 2110 1186 2173 quatenus

244 2194 406 2265 Panaetius,
421 2193 533 2252 absolvi
547 2195 678 2253 duobus:
700 2193 774 2250 illius
789 2201 844 2251 tres
860 2201 933 2263 sunt,
950 2193 1003 2251 sed
1017 2213 1093 2254 cum
1114 2199 1185 2254 initio

244 2293 385 2351 divisisset
398 2293 445 2364 ita,
454 2293 507 2351 tria
520 2311 628 2368 genera
642 2291 810 2367 exquirendi
825 2292 910 2349 officii
925 2309 999 2363 esse,
1009 2309 1117 2366 unum,
1128 2313 1184 2355 cum

244 2391 442 2463 deliberemus,
467 2392 624 2450 honesturn
652 2409 689 2448 an
718 2399 799 2465 turpe
829 2390 871 2460 sit,
896 2389 1026 2462 alterum,
1055 2394 1129 2452 utile
1155 2413 1186 2452 an

244 2491 350 2561 inutile,
364 2491 487 2561 tertium,
502 2509 570 2548 cum
588 2490 662 2548 haec
676 2490 749 2546 inter
763 2506 794 2546 se
809 2505 937 2564 pugnare
951 2488 1120 2564 videantur,
1136 2513 1186 2570 quo

244 2589 334 2648 modo
353 2589 540 2648 iudicandum
560 2589 604 2661 sit,
619 2587 711 2664 qualis
730 2603 818 2645 causa
838 2585 950 2661 Reguli,
965 2588 1064 2646 redire
1086 2591 1185 2650 hones-

244 2696 314 2759 tum,
334 2705 452 2747 manere
472 2687 549 2759 utile,
569 2687 606 2745 de
626 2687 739 2744 duobus
759 2685 858 2760 primis
876 2685 1023 2759 praeclare
1045 2688 1185 2758 disseruit,

245 2784 282 2841 de
299 2787 382 2845 tertio
401 2786 552 2862 pollicetur
572 2805 603 2844 se
623 2782 835 2858 deinceps„sed
854 2783 922 2839 nihil
941 2783 1068 2859 scripsit.
1113 2789 1184 2847 Eum

243 2883 341 2941 locum
369 2887 544 2944 Posidonius
572 2894 739 2962 persecutus
766 2888 825 2952 erl,·
856 2895 913 2957 ego
940 2891 1038 2941 autem
1070 2897 1102 2945 et
1130 2891 1185 2947 eius
1214 2885 1215 2888 ’

243 2981 346 3040 librum
361 2982 495 3044 arcessivi
511 2995 539 3043 et
553 2984 590 3043 ad
604 2977 825 3041 Athenodorum
840 2979 961 3038 Calvum
975 2982 1091 3057 scripsi,
1108 2997 1140 3044 ut
1153 2987 1185 3046 ad

243 3087 291 3137 me
317 3083 350 3136 τὰ
376 3085 507 3156 κεφάλαια
536 3083 666 3152 mitteret,
696 3095 770 3155 quae
798 3089 934 3156 exspecto
944 3101 953 3153 3
982 3097 1075 3156 quem
1105 3085 1183 3144 velim

243 3175 392 3237 cohortere
407 3189 435 3238 et
448 3191 546 3257 roges,
561 3189 592 3238 ut
607 3195 694 3256 quam
713 3179 847 3254 primum.
889 3178 924 3236 ln
943 3196 980 3237 eo
998 3187 1044 3237 est
1062 3186 1126 3256 περὶ
1144 3189 1184 3238 τοῦ

242 3279 306 3332 ratri
327 3279 481 3351 περίστασιν
505 3279 662 3349 καθήκοντος.
713 3275 803 3348 Quod
826 3274 862 3335 de
884 3277 1073 3352 inscriptione
1100 3291 1181 3357 quae-

242 3375 290 3441 riS,
313 3387 374 3431 non
396 3373 496 3431 dubito
515 3375 585 3447 quin
604 3375 710 3444 καθῆκον
731 3373 891 3432 ‘officium'
915 3375 959 3446 sit,
982 3375 1038 3433 nisi
1061 3379 1134 3453 quid
1156 3391 1180 3437 tu

242 3467 318 3527 aliud
386 3466 417 3472 ”
489 3468 493 3472 “
518 3469 557 3525 tio
571 3469 683 3544 plenior
698 3471 750 3528 ‘de
765 3471 883 3530 officiis!
918 3477 1075 3546 Προσφωνῶ
1091 3488 1180 3536 autem
