2452 3842
212 243 275 292 210
491 241 530 290 M.
556 241 679 289 runnu
700 241 889 290 orcruours
1035 229 1106 312 [rare
1123 244 1162 290 ιν.

211 409 310 452 versus
324 391 500 468 navigarem,
515 395 601 471 coepi
618 395 752 470 regiones
772 392 961 450 circumcirca
975 393 1160 468 prospicere:

210 497 278 566 post
299 509 346 548 me
367 502 428 550 erat
448 493 571 568 Aegina,
593 504 660 552 ante
685 511 732 551 me
754 491 886 568 Megara,
909 491 1014 549 dextra
1036 490 1161 562 Piraeus,

210 585 323 646 sinistra
338 587 496 649 Corinthus
505 610 514 663 3
537 608 612 668 quae
629 591 739 667 oppida
758 590 887 667 quodam
902 598 1039 664 tempore
1057 588 1160 647 floren·

210 686 320 744 tissima
330 687 452 757 fuerunt,
465 707 542 747 nunc
554 699 697 766 prostrata
711 699 739 748 et
749 689 844 746 diruta
858 697 925 745 ante
940 686 1046 745 oculos
1057 687 1158 746 iacent

211 781 304 860 Coepi
325 796 444 860 egomet
463 805 580 845 mecum
601 787 642 846 sic
664 787 807 862 cogitare:
830 784 933 843 ‘hemi
956 802 1015 842 nos
1034 783 1159 843 homun-
1219 787 1220 794 ’

210 881 266 940 culi
283 883 477 958 indignamur,
493 886 516 944 si
535 886 600 961 quis
621 896 753 943 nostrum
774 884 878 942 interiit
899 891 948 941 aut
969 884 1087 942 occisus
1111 895 1159 954 est,

211 998 336 1056 quorum
351 982 406 1040 vita
425 984 538 1042 brevior
558 1002 622 1042 esse
644 985 739 1054 debet,
754 1001 821 1042 curn
840 999 900 1040 uno
919 981 987 1040 loco
1010 991 1054 1040 tot
1075 983 1158 1058 oppi-

211 1079 282 1136 dum
303 1081 444 1140 cadavera
464 1082 594 1157 proiecta
614 1082 727 1140 iacent?
753 1083 833 1139 visne
855 1089 943 1150 tute,
966 1078 1056 1150 Servi,
1080 1081 1159 1138 cohi-

210 1177 278 1235 bere
307 1188 335 1236 et
363 1181 530 1239 meminisse
554 1179 704 1238 hominem
732 1190 761 1238 te
788 1197 853 1237 esse
881 1177 1021 1236 natum?'
1064 1179 1160 1238 Crede

210 1276 289 1348 mihi,
315 1277 493 1353 cogitatione
518 1297 553 1337 ea
577 1296 637 1335 non
662 1277 845 1336 mediocriter
870 1293 934 1334 sum
960 1275 1160 1335 confirmatus.

211 1372 280 1432 Hoc
301 1375 387 1446 idern,
404 1377 427 1432 si
448 1377 499 1433 tibi
513 1375 633 1445 videtur,
649 1376 694 1434 fac
716 1387 782 1434 ante
803 1375 905 1433 oculos
924 1374 976 1432 tibi
990 1392 1159 1450 proponas:

211 1473 301 1532 modo
321 1493 380 1532 uno
397 1485 529 1552 tempore
548 1487 589 1535 tot
604 1476 654 1533 viri
674 1475 823 1535 clarissimi
841 1475 1028 1547 interierunt;
1050 1475 1090 1533 de
1108 1477 1159 1533 im-

210 1571 292 1646 perio
313 1573 413 1648 populi
435 1573 561 1631 Romani
583 1583 663 1632 tanta
685 1573 844 1631 deminutio
868 1571 944 1630 sacta
969 1581 1031 1644 est;
1053 1590 1160 1632 omnes

211 1668 375 1743 provinciae
397 1680 610 1747 conquassatae
631 1681 714 1730 sunt:
737 1671 768 1728 in
781 1670 867 1728 unius
886 1669 1076 1728 mulierculae
1099 1673 1161 1730 ani-

209 1767 288 1825 mula
306 1770 329 1826 si
344 1769 452 1828 iactura
468 1771 543 1830 facta
565 1781 617 1842 est,
631 1781 713 1830 tanto
735 1775 823 1846 opere
845 1770 1061 1828 commoveris?
1085 1790 1162 1848 quae

210 1868 234 1925 si
249 1867 306 1926 hoc
320 1878 450 1944 tempore
465 1888 526 1927 non
541 1869 618 1928 diem
637 1888 722 1928 suurn
741 1869 859 1938 obisset,
874 1867 975 1945 paucis
990 1878 1059 1943 post
1075 1871 1162 1929 annis

209 1975 308 2024 tamen
323 1967 348 2023 ei
363 1967 547 2025 moriendum
562 1967 623 2039 suit,
638 1968 777 2044 quoniam
792 1966 882 2024 homo
901 1975 970 2024 nata
984 1964 1089 2026 iuerat.
1136 1983 1162 2041 5.

209 2065 307 2125 Etiam
324 2079 354 2124 tu
376 2069 413 2124 ab
434 2066 514 2125 hisce
535 2067 620 2125 rebus
642 2069 772 2125 animum
793 2084 827 2125 ac
847 2065 1057 2141 cogitationem
1079 2076 1163 2125 tuam

210 2183 299 2223 avoca
314 2175 401 2242 atque
415 2183 450 2222 ea
464 2166 560 2240 potius
575 2166 766 2234 reminiscere,
778 2183 853 2239 quae
868 2164 956 2238 digna
970 2174 1021 2222 tua
1032 2182 1165 2241 persona
1191 2205 1193 2213 ·

210 2274 294 2322 sunt:
316 2264 401 2334 illam,
416 2282 506 2339 quam
520 2264 570 2322 diu
588 2265 616 2321 ei
630 2281 705 2340 opus
719 2263 809 2333 luerit,
825 2263 948 2334 vixisse;
970 2279 1120 2321 unacum
1135 2283 1165 2322 re

210 2362 325 2437 publica
347 2361 453 2433 suisse3
478 2372 515 2431 te,
540 2373 653 2437 patrem
678 2380 771 2430 suum,
797 2370 970 2436 praetorem,
997 2361 1165 2428 consulem,

210 2478 349 2535 augurem
365 2460 487 2532 vidisse;
511 2460 743 2518 adulescentibus
758 2459 900 2534 primariis
914 2467 1040 2532 nuptam
1054 2457 1166 2530 suisse;

210 2560 346 2617 omnibus
366 2560 451 2617 bonis
471 2577 564 2635 prope
581 2559 764 2635 perfunctam
785 2576 868 2615 esse:
891 2575 959 2614 cum
979 2560 1167 2633 respublica

210 2657 364 2728 occideret,
380 2658 437 2715 vita
451 2657 618 2715 excessisse.
662 2655 742 2726 Quid
757 2665 801 2713 est
815 2653 896 2730 quod
910 2663 940 2711 tu
960 2664 1010 2732 aut
1024 2655 1075 2713 illa
1094 2675 1165 2715 curu

211 2753 325 2812 fortuna
353 2755 410 2814 hoc
438 2756 557 2813 nomine
585 2755 666 2831 queri
694 2753 832 2830 possitis?
875 2751 1017 2828 Denique
1043 2754 1108 2812 noli
1139 2767 1165 2811 te

210 2853 340 2911 oblivisci
369 2853 542 2912 Ciceronem
571 2873 635 2912 esse
670 2863 698 2911 et
726 2872 802 2923 eum,
831 2853 880 2928 qui
909 2851 971 2909 aliis
1007 2856 1166 2912 consueris

211 2951 377 3026 praecipere
398 2963 427 3011 et
447 2953 515 3010 dare
537 2952 698 3021 consilium,
713 2969 808 3026 neque
829 2950 931 3009 imitari
953 2950 1048 3008 malos
1071 2954 1166 3010 medi-

211 3067 271 3119 coS,
287 3051 335 3124 qui
350 3050 379 3107 in
394 3052 493 3109 alienis
508 3051 618 3108 morbis
635 3049 806 3125 profitentur
825 3057 922 3106 tenere
942 3066 973 3105 se
995 3049 1166 3108 medicinae

210 3148 370 3219 scientiam,
387 3150 442 3225 ipsi
463 3169 494 3208 se
516 3168 616 3208 curare
635 3166 696 3206 non
717 3157 857 3223 possunt;
880 3146 932 3204 sed
953 3146 1062 3221 potina,
1086 3166 1167 3224 quae

210 3245 272 3304 aliis
287 3257 346 3305 tute
361 3249 526 3324 praecipere
549 3247 633 3317 soles,
649 3266 685 3306 ea
698 3257 758 3304 tute
776 3246 827 3303 tibi
845 3245 953 3303 subiice
973 3254 1063 3320 atque
1083 3247 1167 3322 apud

210 3346 341 3403 animum
357 3364 498 3419 propone.
541 3347 567 3402 6.
590 3345 693 3402 Nullus
709 3345 792 3402 dolor
806 3353 857 3414 est,
868 3360 956 3418 quem
971 3360 1032 3400 non
1044 3343 1166 3420 longin-

213 3441 307 3515 quitas
333 3441 472 3514 temporis
497 3441 608 3496 minuat
633 3459 667 3498 ac
691 3440 820 3498 molliat:
852 3439 910 3498 hoe
934 3450 963 3499 te
988 3453 1167 3518 exspectare
