2454 3842
48 225 92 286 sp.
109 207 162 294 34]
238 219 350 272 rrusr.
373 221 423 270 An
443 215 667 272 FAMILIARES
692 225 766 273 rm.
792 210 820 275 8.
952 225 992 298 97

48 397 151 440 roravit
178 399 297 440 rvnrcvu
324 395 416 441 aaron
440 399 511 440 unns
534 395 741 454 ND1CAR1T,1D
765 401 809 442 rvs
832 401 990 451 nnrvuqvn

46 497 132 551 rsro,
150 481 179 537 in
200 480 312 538 tabulas
333 480 498 539 absolutum
519 498 579 538 non
599 481 712 552 rettulit,
732 481 866 539 ordinum
887 483 992 541 iudicia

45 579 230 655 perscripsit;
253 579 415 656 postulante
431 595 528 638 rursus
541 579 640 656 Appio
655 597 722 639 curn
739 579 773 638 L.
788 573 882 638 Lollio
901 590 992 639 trans-

45 680 109 755 egit
134 688 163 737 et
188 697 219 737 se
243 679 398 737 relaturum
426 679 505 738 dixit.
548 679 596 738 Sic
619 695 698 737 nunc
722 695 818 754 neque
842 679 993 737 absolutus

44 795 145 853 neque
174 777 327 835 damnatus
356 776 489 836 Servilius
517 777 555 836 de
582 777 747 853 repetundis
778 778 891 835 saucius
919 776 993 835 Pilio

44 876 184 935 tradetur.
226 874 304 933 Nam
326 875 362 934 de
382 875 558 936 divinatione
578 876 700 952 Appius,
725 893 792 933 cum
817 875 991 934 calumniam

43 974 179 1044 iurasset,
207 973 382 1032 contendere
409 992 498 1033 ausus
525 992 586 1034 non
616 985 660 1033 est
688 975 818 1051 Pilioque
846 973 939 1042 cessit,
965 983 993 1031 et

42 1074 111 1148 ipse
134 1071 171 1129 de
192 1071 321 1146 pecuniis
341 1073 507 1148 repetundis
528 1092 546 1132 a
568 1072 691 1131 Serviliis
715 1082 759 1130 est
783 1072 943 1148 postulatus
964 1081 993 1129 et

42 1179 198 1246 praeterea
212 1171 248 1229 de
262 1171 289 1228 vi
303 1187 368 1228 reus
382 1189 400 1229 a
413 1171 542 1247 quodam
561 1187 615 1229 suo
630 1171 787 1241 emissario,
802 1169 868 1228 Sex.
882 1165 991 1238 Tettio,

42 1269 151 1326 factus.
193 1267 284 1326 Recte
305 1267 362 1327 hoc
382 1285 435 1344 par
455 1269 550 1328 habet.
593 1287 621 1340 4.
643 1267 732 1340 Quod
753 1268 791 1327 ad
814 1284 876 1327 rem
898 1268 992 1344 publi-

42 1384 116 1425 cam
136 1366 266 1442 pertinet,
281 1366 403 1424 omnino
421 1366 518 1424 multis
538 1366 640 1425 diebus
655 1367 870 1443 exspectatione
885 1365 992 1424 Gallia-

41 1483 113 1522 rum
136 1473 232 1522 actum
253 1463 323 1522 nibil
344 1473 406 1535 est;
439 1464 597 1540 aliquando
617 1475 724 1536 tamen,
746 1483 833 1542 saepe
854 1483 885 1522 re
906 1465 994 1523 dilata

42 1573 76 1622 et
95 1561 220 1639 graviter
238 1571 302 1620 acta
316 1571 345 1620 et
361 1562 447 1639 plane
461 1572 615 1639 perspecta
629 1561 683 1622 Cn.
699 1563 832 1641 Pompeii
845 1563 992 1622 voluntate

41 1663 77 1719 in
97 1677 165 1718 eam
183 1670 302 1736 partem,
316 1669 348 1718 ut
367 1677 434 1718 eum
453 1660 598 1721 decedere
615 1672 682 1737 post
702 1659 850 1720 Kalendas
872 1659 992 1719 Martias

42 1759 184 1836 placeret,
208 1767 324 1816 senatus
347 1758 520 1827 consultum,
542 1759 623 1835 quod
646 1760 696 1818 tibi
721 1760 795 1830 misi,
819 1759 993 1817 factumest

42 1857 291 1933 auctoritatesque
305 1857 487 1932 perscriptae.

90 1970 118 2029 5.
141 1954 170 2012 S.
185 1953 219 2012 C.
232 1954 478 2013 Auctoritates.
514 1951 565 2013 Pr.
581 1953 655 2013 Kal.
672 1953 842 2015 Octobres
860 1955 893 2012 in
907 1954 993 2014 aede

42 2052 225 2130 Apollinis
244 2052 344 2112 scrib.
363 2051 548 2112 adsuerunt
567 2051 600 2110 L.
615 2053 789 2111 Domitius
807 2051 865 2111 Cn.
880 2052 899 2111 s.
914 2051 991 2111 Fab.

42 2150 312 2216 Ahenobarbus,
341 2149 378 2221 Q.
404 2149 579 2209 Caecilius
608 2150 645 2222 Q.
674 2145 694 2209 f.
722 2149 800 2209 Feb.
829 2148 992 2208 Metellus

41 2251 130 2311 Pius
150 2249 278 2324 Scipio,
292 2248 324 2307 L.
339 2248 467 2308 Villius
487 2249 521 2307 L.
535 2247 567 2308 F.
582 2249 672 2307 Pom.
689 2248 843 2319 Annalis,
862 2247 895 2307 C.
911 2247 991 2323 Sep-

41 2348 166 2408 timius
186 2347 223 2405 T.
241 2346 260 2405 i.
280 2345 434 2418 Quirina,
456 2345 489 2406 C.
504 2347 658 2407 Lucilius
678 2344 711 2407 C.
727 2347 747 2406 f.
762 2347 842 2424 Pup.
857 2339 990 2416 Hirrus,

43 2447 82 2506 C.
98 2445 304 2505 Scribonius
325 2443 359 2503 C.
379 2443 398 2502 i.
419 2445 499 2522 Pop.
515 2442 629 2519 Curio,
651 2446 685 2505 L.
704 2445 825 2505 Ateius
846 2444 880 2503 L.
895 2443 914 2501 f.
929 2442 990 2500 An.

42 2545 183 2621 Capito,
203 2543 245 2602 M.
263 2541 394 2620 Eppius
415 2541 458 2602 M.
472 2541 492 2602 f.
507 2543 582 2603 Ter.
624 2544 726 2616 Quod
745 2543 787 2603 M.
805 2538 992 2602 Marcellus

42 2662 118 2704 cos.
133 2662 158 2700 v.
175 2641 194 2700 i.
208 2641 249 2700 de
266 2641 457 2718 provinciis
475 2643 728 2713 consularibus,
743 2637 771 2702 d.
786 2659 811 2700 e.
825 2659 847 2699 r.
862 2640 879 2700 i.
894 2659 928 2710 c.,
943 2639 992 2698 uti

41 2742 81 2800 L.
105 2739 231 2798 Paulus
258 2738 291 2798 C.
315 2735 503 2798 Marcellus
529 2757 626 2811 coss,
648 2757 724 2800 cum
752 2740 991 2815 magistratum

43 2840 205 2910 inissent,
230 2856 270 2896 ex
295 2837 370 2896 Kal.
395 2837 502 2909 Mart,
527 2849 614 2914 quae
641 2839 676 2896 in
700 2855 762 2897 suo
786 2838 992 2914 magistratu

42 2939 185 2996 futurae
218 2945 344 3007 essent,
377 2936 418 2994 de
454 2936 697 2994 consularibus
728 2935 917 3012 provinciis
950 2933 992 2993 ad

43 3045 206 3096 senatum
226 3034 402 3106 referrent,
421 3049 507 3093 neve
527 3034 608 3110 quid
628 3036 724 3112 prius
744 3047 786 3092 ex
804 3033 878 3091 Kal.
892 3025 991 3090 Mart.

43 3135 90 3195 ad
107 3143 262 3194 senatum
280 3133 458 3204 referrent,
471 3145 555 3191 neve
570 3133 651 3209 quid
665 3131 880 3192 coniunctim
894 3130 934 3189 de
952 3147 992 3189 ea

44 3251 82 3294 re
104 3231 290 3290 referretur
312 3245 330 3290 a
350 3230 563 3303 consulibus,
584 3232 703 3307 utique
724 3225 795 3290 eius
816 3228 867 3288 rei
886 3241 992 3288 causa

44 3349 108 3409 per
132 3329 206 3389 dies
233 3329 430 3389 comitiales
454 3336 611 3387 senatum
639 3327 809 3388 haberent
837 3335 990 3386 senatus-

45 3445 113 3506 que
137 3442 229 3490 cons.
250 3425 410 3500 facerent,
433 3436 474 3499 et,
497 3437 572 3486 eum
595 3427 635 3487 de
656 3444 696 3488 ea
715 3441 749 3486 re
771 3421 813 3486 ad
835 3433 991 3484 senatum

504 3543 526 3584 rr
