2452 3842
61 197 100 260 sp.
117 185 170 269 qs]
285 195 398 246 srrsr.
420 196 470 244 An
491 195 659 245 errronrr
677 196 726 244 rr.
748 200 780 262 4.
947 195 1006 264 177

291 427 336 484 78.
380 423 437 482 AD
458 423 653 484 ATTICUM
674 423 728 482 XI.
751 442 778 496 4.

98 541 163 601 Scn.
180 559 212 600 nr
232 558 346 600 cnsrnrs
367 539 491 600 Pournn
511 559 604 599 urusrr
627 540 770 613 Qurnrrnr
791 558 876 600 nuc.
894 542 961 615 706.

372 666 475 708 crcrrno
496 667 603 708 rrrrco
623 667 685 712 suu.

101 785 125 822 1.
147 762 257 824 Accurr
270 764 308 821 ab
322 763 437 822 Isidoro
452 763 560 822 litteras
574 773 603 822 et
617 772 721 840 postea
741 764 823 823 datas
842 764 944 822 binas:
967 783 1003 823 ex

56 863 197 939 proximis
218 863 343 938 cognovi
363 862 484 938 praedia
504 879 564 920 non
584 863 698 921 venisse
708 883 718 935 ;
740 863 850 922 videbis
871 881 951 938 ergo,
972 873 1004 921 ut

56 971 232 1021 sustentetur
245 979 298 1037 per
316 970 353 1020 te.
395 959 441 1017 De
460 959 613 1032 Frusinati,
629 962 653 1019 si
674 961 766 1020 modo
785 961 872 1019 futuri
894 979 1003 1034 sumus,

54 1061 107 1118 erit
131 1059 202 1117 mihi
227 1078 272 1118 res
300 1068 474 1135 opportuna,
517 1059 602 1122 Meas
629 1060 737 1118 litteras
765 1060 846 1135 quod
874 1061 1003 1136 requiris,

54 1159 200 1235 impedior
217 1157 317 1235 inopia
335 1176 441 1229 rerum,
456 1176 529 1234 quas
550 1157 643 1216 nullas
662 1157 756 1216 habeo
776 1158 875 1216 litteris
890 1148 1002 1234 dignas

53 1259 163 1334 quippe
177 1258 224 1316 cui
238 1275 294 1315 nec
306 1275 381 1333 quae
395 1255 530 1318 accidunt
544 1275 599 1314 nee
610 1275 685 1333 quae
699 1265 824 1334 aguntur
837 1256 896 1315 ullo
911 1257 1002 1316 modo

52 1358 221 1432 probentur.
262 1355 382 1413 Utinam
401 1372 501 1414 coram
519 1363 617 1423 tecum
635 1356 707 1413 olim
726 1356 927 1432 potiusquam
947 1375 1000 1432 per

52 1453 208 1530 epistolas!
233 1452 280 1511 hic
300 1462 358 1523 tua,
379 1461 411 1510 ut
430 1470 560 1538 possum,
583 1462 667 1510 tueor
688 1454 766 1528 apud
786 1452 850 1512 hos.
897 1451 1003 1512 Cetera

52 1552 147 1612 Celer.
190 1551 258 1627 lpse
273 1551 333 1628 lugi
348 1550 443 1610 adhuc
459 1567 548 1608 omne
561 1569 678 1621 munus,
693 1570 730 1610 eo
744 1553 847 1627 magis,
862 1552 943 1628 quod
963 1553 1002 1612 ita

51 1651 124 1710 nihil
138 1659 252 1727 poterat
263 1651 323 1726 agi,
337 1658 369 1707 ut
382 1649 453 1707 mihi
468 1659 497 1708 et
510 1650 583 1708 meis
597 1651 683 1709 rebus
697 1659 798 1727 aptum
813 1661 898 1710 esset.

96 1769 121 1807 2.
147 1748 228 1821 Quid
252 1750 288 1807 sit
316 1757 432 1824 gestum
460 1748 536 1818 novi,
562 1749 693 1824 quaeris:
722 1767 758 1807 ex
784 1749 898 1808 Isidoro
927 1751 1000 1809 scire

50 1849 178 1924 poteris;
207 1847 318 1924 reliqua
344 1865 407 1904 non
434 1845 567 1904 videntur
595 1863 660 1904 esse
688 1847 855 1906 difficiliora.
898 1848 947 1906 Tu
969 1849 1000 1908 id

48 1948 145 2016 velim,
167 1946 248 2023 quod
269 1946 325 2004 scis
346 1963 395 2002 me
416 1945 543 2003 maxime
564 1944 645 2016 velle,
667 1962 759 2016 cures,
781 1954 813 2002 ut
837 1946 945 2016 scribis,
967 1957 1000 2004 ut

48 2044 130 2102 lacis,
177 2025 231 2100 ‘Me
264 2041 380 2101 conficit
413 2041 585 2112 sollicitudo,
614 2060 650 2100 ex
682 2060 740 2117 qua
768 2043 855 2101 etiam
884 2061 999 2102 summa

46 2142 201 2199 infirmitas
228 2140 379 2216 corporis;
416 2158 475 2216 qua
501 2140 594 2198 levata
622 2159 673 2199 ero
699 2157 759 2199 una
785 2159 853 2199 curn
882 2159 926 2211 ee,
949 2144 999 2219 qui

46 2241 200 2316 negotium
214 2240 287 2315 gerit
301 2248 402 2315 estque
416 2239 447 2297 in
461 2257 513 2314 spe
533 2257 649 2314 magna.
691 2238 796 2297 Brutus
816 2240 927 2298 amicus
936 2259 944 2311 ;
965 2242 997 2298 in

46 2357 138 2398 causa
158 2348 286 2396 versatur
308 2338 417 2395 acriter.
460 2335 612 2395 Hactenus
633 2336 685 2395 fuit
706 2336 786 2412 quod
806 2346 890 2396 caute
910 2357 928 2396 a
948 2357 997 2399 me

45 2437 136 2498 scribi
156 2446 263 2511 posset.
305 2435 387 2493 Vale.
429 2434 475 2492 De
496 2435 639 2511 pensione
660 2435 756 2506 altera,
778 2444 891 2508 orote,
913 2439 996 2496 omni

44 2554 118 2595 cura
138 2535 299 2605 considera,
313 2533 384 2610 quid
405 2533 571 2593 laciendum
592 2535 637 2608 sit,
657 2545 688 2594 ut
709 2533 810 2611 scripsi
830 2534 865 2592 iis
884 2535 994 2610 litteris,

45 2652 122 2713 quas
143 2632 245 2692 Pollex
264 2632 335 2700 tulit.
