2454 3842
81 261 186 346 rusa]
286 273 401 323 eamr.
422 274 473 320 un
494 271 661 322 Arrrcuu
681 275 731 323 rx.
756 279 805 323 10.
963 275 1023 344 155

79 431 217 506 regnare!
259 430 354 489 Multa
378 430 506 507 disputas
530 431 598 489 huic
622 431 782 489 sententiae
804 433 1021 498 convenientia;

79 505 199 588 inde'ad
216 539 377 588 extremum
393 530 480 607 ‘quid
499 529 539 589 si’
554 531 650 607 inquis
664 529 810 605 ‘Lepidus
830 541 859 588 et
872 530 1023 590 Volcatius

79 627 250 687 discedunt?
275 630 361 705 plane
385 631 481 702 ἀπορῶ.
524 628 613 700 Quod
639 629 765 687 evenerit
786 629 871 704 igitur
892 639 921 687 et
942 630 1022 706 quod

79 727 180 802 egeris,
195 727 226 784 id
240 728 376 800 στερκτέον
390 724 514 802 putabo!
558 727 589 786 si
602 736 664 784 tum
679 726 834 798 dubitaras,
848 745 926 786 nunc
946 739 1022 786 certe

77 843 139 882 non
158 824 279 896 dubitas,
294 825 355 883 istis
374 825 566 884 manentibus.
611 829 638 884 8.
660 824 774 884 Deinde
789 827 818 882 in
833 827 898 902 ipsa
911 827 981 902 suga
995 846 1022 884 v.

79 923 145 981 Kal.
170 923 308 982 Martias:
333 924 459 982 ‘interea
487 942 549 982 non
577 923 679 982 dubito
707 925 776 1000 quin
804 925 834 981 in
863 925 1022 985 Formiano

76 1041 231 1080 mansums
250 1023 306 1090 sis;
328 1022 566 1081 commodissime
588 1023 665 1081 enim
687 1027 717 1079 τὸ
737 1025 836 1094 μέλλον
856 1024 894 1082 ibi
915 1027 1022 1098 καραδο-

77 1121 181 1191 κήσεινῖ
216 1121 264 1178 Ad
279 1121 317 1180 K.
330 1121 459 1192 Martias,
474 1140 542 1184 cum
556 1122 603 1180 ille
617 1122 750 1198 quintum
765 1123 823 1180 iam
837 1123 914 1180 diem
929 1122 1023 1181 Brun-

78 1220 142 1278 disii
161 1229 254 1278 esset:
270 1225 348 1278 ‘tum
359 1221 518 1295 poterimus
534 1220 699 1290 deliberare,
714 1237 775 1278 non
790 1221 897 1279 scilicet
911 1223 1022 1297 integra

77 1337 116 1386 re,
137 1318 189 1376 sed
208 1329 284 1376 certe
305 1319 401 1378 minus
422 1318 549 1388 infracta,
565 1337 654 1395 quam
676 1319 698 1377 si
721 1338 779 1377 una
799 1321 953 1395 proieceris
975 1322 1021 1379 te.’

76 1417 193 1476 Deinde
218 1435 270 1476 1111.
293 1416 372 1475 Non.
398 1416 518 1476 Martias
546 1420 596 1473 ὑπὸ
624 1420 669 1489 τὴν
695 1421 778 1492 λῆψιν
805 1436 873 1477 cum
900 1421 1022 1478 breviter

78 1517 226 1587 scriberes,
247 1525 345 1574 tamen
366 1517 452 1592 ponis
473 1516 549 1574 hoc:
572 1521 652 1576 ‘cras
676 1519 801 1576 scribam
821 1518 906 1594 plura
931 1529 959 1577 et
984 1520 1022 1578 ad

76 1615 193 1684 omnia3
215 1613 272 1672 hoc
294 1624 391 1671 tamen
413 1614 516 1683 dicam,
532 1631 593 1672 non
614 1616 760 1690 paenitere
783 1634 830 1674 me
852 1618 963 1675 consilii
984 1619 1021 1676 de

75 1722 127 1770 tua
144 1713 305 1782 mansione,
321 1721 356 1782 et,
372 1730 550 1789 quamquam
571 1731 680 1788 magna
702 1714 900 1785 sollicitudine,
915 1725 1021 1788 tamen,
1054 1758 1057 1766 -

75 1811 144 1887 quia
157 1811 254 1868 minus
268 1810 336 1868 mali
350 1820 421 1886 puto
436 1828 500 1869 esse
515 1830 604 1888 quam
618 1813 648 1869 in
659 1811 706 1868 illa
718 1811 905 1888 profectione,
915 1832 1021 1873 maneo

74 1911 106 1966 in
126 1909 269 1967 sententia
288 1918 316 1967 et
337 1909 452 1984 gaudeo
474 1917 502 1967 te
523 1909 683 1968 mansisse!
725 1929 751 1984 9.
774 1908 851 1968 Cum
872 1929 941 1969 vero
962 1912 1020 1969 iarn

74 2025 200 2082 angerer
223 2018 251 2065 et
274 2007 414 2074 timerem,
437 2025 475 2064 ne
497 2009 567 2084 quid
592 2027 609 2066 a
629 2025 677 2065 me
699 2007 851 2066 dedecoris
872 2019 948 2066 esset
969 2010 1020 2067 ad-

72 2105 207 2176 missum,
221 2125 263 2164 111.
278 2105 381 2164 Nonas
397 2105 501 2164 Mart:
522 2111 637 2164 ‘tamen
658 2115 687 2163 te
708 2123 769 2162 non
790 2122 854 2163 esse
874 2124 933 2164 una
954 2125 1020 2164 cum

72 2203 220 2279 Pompeio
242 2222 302 2262 non
323 2204 385 2262 fero
406 2205 544 2275 moleste;
574 2213 676 2279 postea
697 2204 722 2261 si
746 2221 820 2278 opus
845 2204 938 2275 fuerit,
960 2223 1020 2264 non

72 2302 129 2359 erit
150 2301 273 2372 difficile,
293 2311 322 2360 et
342 2303 390 2374 illi,
411 2320 531 2380 quoquo
553 2314 685 2378 tempore
707 2300 764 2370 fiet,
785 2300 838 2358 erit
858 2302 1020 2371 ἀσμένιστον.

74 2399 135 2457 Sed
150 2398 207 2458 hoc
221 2401 261 2457 ita
280 2399 355 2463 dico,
371 2401 395 2458 si
416 2400 472 2471 hic,
488 2418 546 2476 qua
564 2401 675 2458 ratione
694 2399 807 2456 initium
827 2398 902 2468 fecit,
917 2400 1020 2458 eadem

71 2511 172 2561 cetera
190 2512 265 2576 aget,
282 2503 401 2573 sincere,
416 2511 585 2578 temperate,
600 2501 763 2576 prudenter,
778 2499 860 2558 valde
874 2500 972 2560 videro
992 2513 1020 2560 et

71 2600 285 2666 consideratius
305 2601 417 2658 utilitati
438 2610 555 2658 nostrae
578 2598 768 2659 consuluero.'
815 2619 859 2658 10.
884 2617 932 2657 vu.
950 2599 1020 2659 Idus

70 2697 197 2756 Martias
222 2698 322 2756 scribis
346 2698 501 2756 Peducaeo
523 2715 640 2774 quoque
665 2706 767 2756 nostro
795 2697 917 2773 probari,
940 2699 1020 2773 quod

70 2797 205 2873 quietim,
214 2796 295 2854 cuius
309 2795 463 2853 auctoritas
477 2795 601 2853 multum
615 2797 695 2872 apud
709 2815 757 2854 me
771 2796 854 2855 valet.
896 2795 952 2854 His
963 2815 1020 2873 ego

70 2896 131 2954 tuis
153 2895 265 2970 scriptis
285 2913 334 2952 me
356 2893 500 2964 consolor,
515 2904 547 2952 ut
567 2895 638 2952 nihil
659 2912 677 2952 a
697 2913 745 2952 me
766 2895 862 2953 adhuc
884 2895 1021 2953 delictum

70 3003 184 3069 putem.
226 2992 275 3050 Tu
288 2992 379 3050 modo
394 2993 593 3051 auctoritatem
608 3003 687 3051 tuam
703 2993 867 3052 defendito:
883 2994 1020 3052 adversus

69 3111 121 3152 me
142 3090 212 3149 nihil
229 3109 304 3167 opus
323 3101 375 3160 est,
390 3090 443 3149 sed
463 3091 587 3149 consciis
607 3110 681 3166 egeo
703 3093 774 3150 aliis.
815 3092 890 3168 Ego,
906 3094 930 3150 si
951 3092 1022 3150 nihil

68 3191 202 3268 peccavi,
217 3190 327 3265 reliqua
341 3190 461 3247 tuebor:
476 3189 514 3247 ad
528 3207 563 3246 ea
576 3199 607 3247 tu
622 3199 650 3248 te
665 3190 779 3249 hortare
793 3201 823 3249 et
836 3209 884 3248 me
898 3192 1021 3249 omnino

68 3299 122 3347 tua
137 3289 314 3364 cogitatione
329 3287 441 3346 adiuva.
484 3285 543 3345 Hic
557 3287 699 3346 nihildum
718 3289 754 3347 de
774 3288 867 3347 reditu
887 3287 1020 3348 Caesaris

70 3386 252 3444 audiebatur.
294 3386 360 3462 Ego
380 3385 425 3444 his
443 3386 542 3444 litteris
562 3385 619 3444 hoc
641 3396 740 3445 tamen
760 3387 888 3462 proieci:
909 3387 1021 3462 perlegi

69 3502 179 3544 omnes
193 3495 257 3543 tuas
271 3486 344 3544 etin
358 3502 394 3543 eo
408 3485 546 3562 acquievi.
