2432 3844
222 193 262 262 28
493 204 532 256 M.
559 205 676 253 rotun
698 205 884 254 oronnonra
1057 193 1134 276 [Pars
1151 209 1168 254 1.

221 362 400 440 appellantur
420 364 497 436 boni,
519 365 569 440 qui
591 364 660 422 mihi
682 382 743 422 non
767 364 857 423 modo
879 363 1090 440 praemiorum,
1118 365 1166 422 sed

133 493 139 504 ·
221 480 259 520 ne
294 481 461 520 sermonum
494 462 612 540 quidem
649 481 788 540 umquam
825 463 949 522 fructum
983 463 1077 520 ullum
1119 472 1166 520 aut

221 561 342 636 gratiam
369 562 543 621 rettulerunt.
591 581 617 636 3.
649 560 739 632 Quod
767 563 791 620 si
818 562 848 618 in
877 579 942 620 eam
970 579 1017 619 me
1047 571 1164 637 partem

220 660 377 730 incitarem,
409 659 540 736 prolecto
572 661 629 718 iam
657 660 782 735 aliquam
816 660 971 736 reperirem
1005 659 1162 718 resistendi

220 759 314 817 viam:
335 776 413 818 nune
433 776 551 834 prorsus
571 757 628 817 hoc
649 759 742 828 statui,
763 768 803 828 ut,
826 759 964 833 quoniam
984 766 1067 815 tanta
1091 776 1161 816 con·

219 858 355 916 troversia
374 866 417 914 est
435 856 623 927 Dicaearcho,
642 855 772 915 familiari
787 866 845 928 tuo,
860 875 927 914 curn
942 856 1159 932 Theophrasto

220 956 315 1014 amico
333 972 409 1024 meo,
429 964 460 1012 ut
479 954 524 1011 ille
543 963 608 1012 tuus
625 958 669 1010 τὸν
688 957 823 1029 πρακτικὸν
838 957 897 1022 βίον
914 954 1002 1030 longe
1022 956 1159 1013 omnibus

220 1062 385 1129 anteponat,
414 1053 460 1110 hic
485 1063 582 1111 autem
604 1056 647 1109 τὸν
668 1055 824 1126 θεωρητικόν,
852 1055 963 1130 utrique
984 1072 1002 1111 a
1022 1073 1073 1112 me
1095 1071 1158 1111 mos

219 1161 318 1226 gestus
337 1169 400 1208 esse
414 1150 542 1209 videatur
552 1170 560 1224 ;
582 1160 653 1227 puto
673 1153 751 1209 enirn
770 1170 818 1210 me
839 1151 1021 1210 Dicaearcho
1038 1152 1157 1210 adfatim

220 1250 288 1308 satis
308 1247 419 1320 secisse,
440 1250 562 1325 respicio
584 1268 662 1309 nunc
683 1251 721 1309 ad
738 1249 812 1309 hane
831 1250 977 1317 familiam,
993 1269 1070 1327 quae
1089 1250 1155 1308 mihi

219 1365 281 1404 non
311 1348 409 1413 modo,
441 1358 472 1405 ut
502 1348 688 1425 requiescam,
717 1349 860 1424 permittit,
882 1348 934 1407 sed
962 1349 1153 1424 reprehendit,

219 1446 361 1522 quianon
376 1465 490 1522 semper
503 1448 630 1524 quierim.
675 1447 742 1519 Qua
755 1467 785 1506 re
799 1448 1009 1518 incumbamus,
1025 1466 1044 1506 o
1059 1457 1154 1505 noster

221 1543 295 1616 Tite,
318 1546 355 1603 ad
375 1545 422 1604 illa
442 1548 587 1621 praeclara
608 1547 702 1605 studia
720 1555 748 1605 et
767 1564 811 1618 eo,
830 1547 908 1605 unde
929 1547 1078 1605 discedere
1097 1563 1153 1603 non

219 1645 353 1718 oportuit,
382 1645 536 1720 aliquando
568 1655 747 1703 revertamur.
800 1663 826 1717 4.
860 1645 950 1717 Quod
984 1645 1019 1703 de
1055 1644 1151 1718 Quinti

219 1741 326 1800 hatris-
340 1742 460 1818 epistola
482 1744 590 1814 scribis,
615 1743 653 1801 ad
675 1761 723 1801 me
747 1761 865 1820 quoque
887 1744 939 1801 luit
960 1747 1060 1818 πρόσθε
1083 1746 1150 1812 λέων,

219 1840 307 1897 ὄπιθεν
334 1843 362 1896 δὲ
388 1873 437 1902 -.
487 1840 567 1912 Quid
591 1840 684 1900 dicam
712 1843 828 1901 nescio:
858 1861 927 1900 nam
955 1842 994 1901 ita
1026 1843 1150 1919 deplorat

218 1938 318 2015 primis
342 1941 469 1998 versibus
496 1941 679 2000 mansionem
707 1959 798 2013 suam,
823 1951 854 1999 ut
882 1942 1011 2018 quemvis
1039 1958 1149 1999 movere

218 2039 327 2114 possit;
349 2039 388 2097 ita
406 2057 503 2098 mrsus
522 2040 646 2110 remittit,
665 2048 696 2097 ut
716 2057 763 2097 me
783 2049 873 2114 roget,
895 2049 926 2097 ut
947 2039 1065 2098 annales
1087 2057 1148 2098 suos

218 2139 372 2197 emendem
390 2149 419 2196 et
437 2139 530 2197 edam.
563 2105 647 2200 llud
665 2147 771 2209 tamen,
795 2138 875 2214 quod
896 2139 1001 2204 scribit,
1024 2139 1147 2197 animad-

173 2265 177 2275 ·
218 2248 311 2296 vertas
342 2238 435 2310 velim,
467 2238 503 2296 de
531 2239 660 2314 portorio
690 2237 956 2309 circumventionis;
986 2238 1025 2296 ait
1058 2256 1089 2296 se
1116 2237 1147 2296 de

135 2351 137 2356 ·
218 2337 330 2395 consilii
357 2337 498 2396 sententia
525 2355 587 2396 rem
614 2336 652 2395 ad
683 2345 815 2394 senatum
844 2336 993 2394 reiecisse:
1022 2337 1146 2395 nondun

217 2435 347 2493 videlicet
368 2453 448 2493 meas
467 2435 571 2492 litteras
590 2435 706 2509 legerat,
726 2435 832 2510 quibus
847 2435 884 2492 ad
898 2452 965 2492 eum
978 2453 1008 2492 re
1023 2436 1146 2494 consulta

219 2540 247 2590 et
275 2533 421 2607 explorata
452 2533 655 2609 rescripseram
683 2550 744 2591 non
773 2532 879 2591 deberi.
920 2531 1025 2605 Velim,
1053 2533 1075 2592 si
1103 2534 1145 2610 qui

219 2629 324 2688 Graeci
337 2629 395 2686 iam
409 2629 536 2689 Romam
550 2650 586 2688 ex
600 2630 670 2688 Asia
687 2630 723 2688 de
742 2649 777 2688 ea
795 2649 881 2688 causa
895 2641 1041 2701 venemnt,
1055 2630 1143 2689 videas

217 2738 254 2798 et,
279 2729 303 2786 si
325 2728 375 2785 tibi
397 2728 544 2800 videbitur,
569 2730 603 2787 iis
625 2729 814 2801 demonstres,
839 2730 910 2806 quid
931 2747 987 2805 ego
1009 2729 1045 2788 de
1065 2749 1099 2788 ea
1117 2749 1143 2788 re

217 2828 347 2887 sentiam.
398 2825 428 2884 Si
454 2845 574 2902 possum
602 2828 757 2899 discedere,
787 2847 824 2886 ne
859 2846 945 2887 causa
980 2828 1086 2905 optima
1117 2830 1142 2886 in

217 2936 318 2984 senatu
345 2936 451 3001 pereat,
480 2944 536 3001 ego
562 2927 630 2986 satis
654 2926 759 2986 faciam
786 2927 954 3002 publicanis,
976 2929 999 2983 εἰ
1020 2929 1048 2984 δὲ
1067 2928 1142 3000 μή,-

216 3043 281 3082 vere
309 3034 405 3083 tecum
428 3024 600 3100 loquar-in
627 3025 726 3084 haere
749 3027 826 3084 malo
849 3026 997 3085 universae
1016 3025 1099 3084 Asiae
1118 3037 1142 3086 et
1192 3045 1193 3050 ¹

216 3123 442 3197 negotiatoribus
451 3143 459 3195 ;
480 3141 549 3181 nam
570 3142 671 3182 eorum
691 3142 808 3201 quoque
824 3123 1008 3182 vehementer
1026 3125 1139 3184 interest.

215 3221 284 3279 Hoc
298 3239 354 3296 ego
370 3221 462 3280 sentio
475 3222 558 3281 valde
572 3224 656 3281 nobis
672 3241 747 3298 opus
761 3240 834 3280 esse.
874 3221 932 3280 Sed
947 3231 978 3280 tu
991 3222 1021 3281 id
1033 3222 1139 3282 videbis.

213 3319 390 3392 Quaestores
409 3331 513 3392 autem,
533 3339 650 3396 quaeso,
670 3338 741 3379 num
759 3321 843 3379 etiam
863 3321 899 3379 de
914 3320 1076 3397 cistophoro
1093 3322 1139 3379 du·
1192 3343 1193 3376 i

214 3420 325 3480 bitant?
345 3438 414 3477 nam
428 3421 452 3480 si
466 3419 542 3480 aliud
555 3418 626 3478 nihil
639 3419 699 3491 erit,
713 3436 781 3478 curn
800 3420 907 3479 erimus
920 3421 1020 3479 omnia
1032 3421 1136 3496 experti,
