2432 3844
93 829 159 924 M.
192 831 460 927 TULLII
501 829 934 928 CICERONIS

183 1071 493 1144 EPISTOLAE
540 1069 839 1144 SELECTAE.

404 1281 525 1346 PARS
565 1285 590 1346 Ι.

306 1443 330 1496 1.
373 1438 429 1496 ΑΙ)
451 1437 642 1497 ATTICUM
663 1438 685 1496 Ι.
703 1457 721 1497 1.
818 1453 857 1512 ψ

172 1545 237 1603 Scn.
259 1544 369 1604 Rouarr
389 1545 496 1604 Mnusn
517 1545 661 1618 Qururnr
681 1563 765 1604 aue.
788 1547 855 1618 689.
939 1636 947 1644 .

352 1671 454 1712 cronno
476 1671 582 1712 nrrrco
603 1670 664 1711 sna.

92 1756 301 1817 1.PET1T10NIS
323 1769 447 1830 nostrae,
470 1777 558 1834 quam
579 1759 630 1816 tibi
655 1777 785 1817 summae
808 1775 895 1816 curae
918 1773 983 1816 esse

56 1855 117 1925 scio,
136 1857 220 1914 huius
241 1857 321 1916 modi
342 1858 414 1916 ratio
436 1867 488 1935 est,
509 1857 590 1934 quod
614 1851 708 1916 adhuc
729 1857 893 1930 coniectura
915 1874 983 1932 pro-

57 1953 133 2010 videri
164 1955 263 2030 possit.
306 1954 428 2014 Prensat
459 1973 534 2013 unus
565 1954 597 2013 P.
613 1955 723 2028 Galba;
759 1955 820 2013 sine
852 1955 921 2013 fuco
949 1973 984 2012 ac

57 2049 168 2123 fallaciis
180 2071 262 2112 more
276 2055 426 2124 maiorum,
436 2063 564 2129 negatur.
596 2053 637 2112 Ut
650 2055 750 2130 opinio
765 2063 808 2112 est
821 2053 983 2126 hominum,

58 2166 110 2206 non
131 2151 223 2211 aliena
246 2153 350 2211 rationi
372 2163 486 2230 nostrae
511 2153 564 2210 fuit
590 2153 663 2221 illius
690 2151 764 2211 haec
791 2169 985 2228 praepropera

58 2251 191 2320 prensatio
202 2270 210 2322 ;
231 2269 300 2308 narn
325 2251 364 2308 illi
387 2251 426 2308 ita
445 2260 554 2326 negant
574 2251 670 2324 volg0,
684 2261 715 2308 ut
735 2249 805 2306 mihi
826 2269 857 2307 se
879 2250 984 2307 debere
1086 2325 1089 2336 ,

59 2345 151 2406 dicant.
192 2349 238 2406 Ita
259 2348 397 2424 quiddam
419 2366 505 2424 spero
526 2348 612 2406 nobis
632 2348 742 2423 profici,
758 2365 825 2404 cum
845 2346 902 2404 hoc
921 2365 985 2422 per·

60 2445 207 2516 crebrescit,
222 2447 364 2521 plurimos
380 2456 496 2504 nostros
510 2447 621 2504 amicos
635 2446 762 2503 inveniri.
804 2443 869 2503 Nos
888 2453 985 2502 autem

60 2539 159 2600 initium
183 2545 340 2624 prensandi
364 2543 458 2603 facere
482 2543 674 2620 cogitaramus
698 2561 735 2602 eo
757 2545 821 2620 ipso
845 2554 986 2620 tempore,

62 2656 110 2712 quo
139 2651 219 2700 tuum
248 2661 370 2718 puerum
398 2661 466 2701 cum
496 2643 541 2701 his
571 2643 670 2703 litteris
697 2642 841 2718 proficisci
868 2641 986 2700 Cincius
1088 2685 1090 2691 ,

63 2735 168 2811 dicebat,
189 2739 220 2798 in
240 2758 356 2816 campo,
378 2742 500 2800 comitiis
521 2741 687 2812 tribuniciis,
707 2761 731 2800 a
748 2741 775 2800 d.
789 2759 844 2800 xvr.
861 2741 987 2800 Kalend·

64 2833 179 2898 Sextiles.
221 2838 445 2914 Competitores‚
467 2841 517 2916 qui
538 2842 606 2900 certi
627 2859 691 2900 esse
713 2841 871 2911 videantur,
893 2840 988 2900 Galba

63 2944 84 2989 et
98 2936 237 2996 Antonius
262 2948 290 2996 et
308 2936 345 3009 Q.
362 2937 554 2997 Cornificius:
576 2950 646 3015 puto
665 2949 694 2998 te
712 2940 743 2997 in
756 2939 812 2998 hoc
826 2948 876 2997 aut
891 2940 988 3016 risisse

63 3043 101 3090 aut
135 3037 321 3111 ingemuisse.
365 3036 405 3095 Ut
432 3037 557 3096 frontem
594 3037 687 3108 ferias,
716 3047 784 3096 sunt
819 3039 868 3112 qui
901 3038 988 3095 etiam

64 3128 226 3192 Caesonium
241 3145 351 3210 putent.
394 3136 544 3212 Aquilium
564 3155 626 3195 non
640 3138 817 3208 arbitramur,
833 3137 882 3212 qui
899 3136 988 3194 dene·

63 3232 126 3302 gavit
144 3243 172 3292 et
192 3234 293 3292 iuravit
313 3235 450 3292 morbum
471 3244 499 3292 et
519 3235 589 3293 illud
610 3253 695 3293 suum
715 3253 837 3311 regnum
858 3235 990 3294 iudiciale

64 3334 192 3404 opposuit.
236 3330 367 3405 Catilina,
383 3335 407 3390 si
428 3332 586 3392 iudicatum
608 3333 660 3391 erit
677 3334 796 3392 meridie
809 3351 870 3391 non
886 3333 989 3418 luffire,

64 3438 142 3487 certus
155 3431 208 3488 erit
226 3431 409 3505 competitor.
452 3429 498 3488 De
511 3431 580 3489 Auli
598 3431 657 3490 filio
672 3439 701 3489 et
721 3430 758 3489 de
773 3431 909 3490 Palicano
928 3448 989 3488 non

64 3535 122 3596 puto
142 3539 169 3589 te
193 3540 361 3606 exspectare
385 3529 611 3589 dum‘scribam.
658 3551 683 3588 2.
705 3529 751 3588 De
772 3531 815 3601 iis,
837 3531 887 3604 qui
910 3546 989 3586 nunc

87 3645 129 3697 tar
507 3643 525 3686 Β
