2452 3842
217 185 277 248 160
492 199 530 246 ur.
554 198 673 247 Tuurrr
695 200 883 248 oronnorus
1029 185 1098 272 [rats
1113 201 1155 246 m.

214 355 291 413 mali.
340 354 427 414 Nunc
456 366 532 414 certe
559 357 721 432 promenda
749 357 799 414 tibi
827 365 895 415 sunt
926 356 1067 414 consilia:
1102 355 1155 413 hoc

215 453 306 511 luerat
319 464 488 513 extremum.
526 473 552 528 3.
574 453 628 513 Illa
641 451 740 513 tamen
752 457 885 512 κατακλεὶς
898 454 972 512 illius
986 463 1031 512 est
1045 454 1156 522 odiosa,

216 571 304 628 quam
329 570 422 629 paene
447 553 587 628 praeterii,
609 554 633 612 si
658 554 712 612 sibi
737 553 865 612 consiliis
893 553 1000 611 nostris
1028 554 1072 611 uti
1100 571 1158 610 non

215 652 321 722 liceret,
336 671 463 723 usurum,
476 671 599 728 quorum
613 663 723 729 posset,
735 650 773 710 ad
787 653 945 728 omniaque
960 669 1024 710 esse
1039 651 1160 710 descen·

217 769 326 809 surum.
352 751 474 809 ‘Vidisti
493 752 581 826 igitur
600 752 701 822 virum,
716 762 747 809 ut
769 751 944 827 scripseras?
962 750 1160 825 ingemuistii'

219 850 313 908 Certe.
355 848 456 908 ‘Cedo
484 849 610 924 reliqua!
653 848 751 920 Quid?
773 849 913 908 continuo
929 849 997 924 ipse
1019 849 1050 906 in
1073 849 1162 907 Peda-

219 967 297 1018 num,
320 965 377 1022 ego
402 948 562 1023 Arpinum;
589 947 657 1005 inde
678 958 818 1024 exspecto
840 948 975 1023 equidem
995 951 1164 1020 λαλαγεῦσαν

218 1047 296 1104 illam
310 1055 398 1103 tuam.
428 1045 498 1115 ‘Tu,
508 1043 634 1116 malum,'
646 1046 759 1122 inquies
770 1051 777 1076 ‘
787 1055 884 1103 actum
898 1065 936 1104 ne
950 1045 1042 1120 agas?
1067 1045 1164 1103 Etiam

219 1146 300 1202 illurn
321 1145 426 1220 ipsum,
441 1162 529 1220 quern
552 1145 707 1220 sequimur,
727 1145 818 1203 multa
838 1143 1009 1202 fefellerunt.
1053 1162 1084 1215 4.
1109 1143 1164 1201 Sed

222 1262 278 1318 ego
304 1253 367 1300 tuas
392 1242 497 1300 litteras
523 1253 681 1318 exspect03
704 1242 774 1300 nihil
800 1252 844 1300 est
868 1243 946 1300 enim
971 1243 1039 1312 iam,
1063 1251 1096 1299 ut
1117 1261 1163 1300 an-

221 1351 276 1410 tea,
293 1341 468 1411 ‘videamus
489 1341 546 1400 hoc
568 1360 708 1419 quorsum
729 1341 862 1400 evadat:’
878 1351 1041 1400 extremum
1056 1340 1112 1398 fuit
1132 1340 1165 1397 de

223 1457 382 1514 congressu
410 1451 519 1509 nostro,
543 1458 602 1515 quo
630 1441 748 1515 quidem
775 1459 837 1499 non
861 1440 961 1499 dubito
984 1439 1057 1514 quin
1083 1440 1165 1497 istum

222 1537 411 1608 offenderim3
434 1555 470 1595 eo
488 1539 628 1596 maturius
642 1538 789 1613 agendum
809 1549 860 1597 est.
903 1538 1021 1595 Amabo
1040 1547 1079 1606 te,
1094 1537 1165 1612 epis-

223 1636 313 1694 tolam
327 1646 355 1693 et
369 1637 515 1707 πολιτικὴνῐ
537 1636 620 1695 valde
634 1647 698 1695 tuas
712 1637 820 1696 litteras
834 1655 911 1696 nunc
926 1644 1076 1711 exspecto.

467 1798 514 1856 68.
554 1795 611 1852 AD
633 1794 827 1854 ATTICUM
849 1795 886 1852 Χ.
908 1814 932 1854 1.

331 1908 398 1970 Seu.
421 1929 452 1969 ut
476 1910 611 1970 Lnrsnro
636 1909 749 1981 Quium
773 1929 897 1970 runmrs
923 1929 987 1968 nu.
1013 1927 1054 1966 111.

479 2007 583 2068 Nouus
601 2010 727 2068 Annuus
749 2027 831 2068 nuc.
849 2023 916 2083 705.

550 2134 652 2174 CICERO
667 2134 773 2175 ATTICO
791 2134 851 2173 SAL.

243 2267 246 2274 ·
275 2250 297 2288 1.
320 2249 361 2288 111.
377 2230 479 2288 Nouus
493 2249 561 2289 curn
575 2231 605 2288 in
626 2231 773 2288 Laterium
793 2229 885 2288 fratris
904 2229 1058 2300 venissem,
1077 2231 1175 2306 accepi

230 2332 338 2389 litteras
359 2339 388 2387 et
408 2329 527 2404 paulum
549 2331 693 2405 respiravi,
712 2329 792 2405 quod
818 2338 885 2405 post
908 2327 962 2386 has
983 2329 1086 2387 ruinas
1108 2329 1176 2387 mihi

233 2447 292 2486 non
307 2428 469 2487 acciderat:
491 2446 545 2502 per
558 2429 636 2486 enirn
651 2428 750 2503 magui
766 2429 887 2485 aestimo
900 2427 953 2484 tibi
969 2427 1176 2486 firmitudinem

233 2528 322 2584 animi
349 2527 439 2584 nostri
467 2536 495 2584 et
523 2525 631 2584 sactum
660 2536 793 2584 nostrum
820 2525 953 2602 probari3
983 2523 1076 2583 Sexto
1103 2529 1178 2584 enirn

234 2634 334 2683 nostro
349 2624 429 2700 quod
444 2625 543 2684 scribis
558 2625 682 2700 probari,
697 2627 735 2683 ita
754 2625 852 2694 laetor,
867 2633 898 2681 ut
917 2641 964 2681 me
985 2625 1069 2698 quasi
1093 2627 1179 2701 patris

234 2724 303 2789 eius
319 2725 365 2780 cui
380 2741 494 2798 semper
511 2725 560 2781 uni
580 2724 736 2799 plurimum
755 2724 850 2789 tribui,
864 2723 971 2780 iudicio
992 2725 1180 2797 comprobari

234 2832 342 2897 putem,
358 2822 407 2895 qui
426 2822 505 2892 mihi,
521 2823 600 2906 quod
619 2840 707 2897 saepe
727 2821 809 2879 soleo
830 2820 983 2890 recordari,
1004 2820 1080 2878 dixit
1104 2824 1180 2890 olim

234 2918 328 2976 Nonis
343 2919 396 2977 illis
410 2919 630 2990 Decembribus,
642 2937 709 2978 cum
724 2937 781 2995 ego
792 2926 799 2949 ‘
810 2918 906 2988 Sexte,
921 2919 1064 2994 quidnam
1079 2922 1181 2997 ergo?

277 3059 326 3128 ‘pri
346 3061 404 3129 μάν,
419 3055 517 3134 inquit¹
533 3059 586 3131 ille,
602 3061 714 3116 ἀσπουδί
732 3083 763 3132 γε
784 3061 823 3114 καὶ
844 3059 950 3116 ἀκλειῶς
971 3051 1160 3142 [ἆπολοῖμην],

308 3157 377 3212 ἀλλὰ
398 3159 462 3232 μέγα
482 3159 557 3231 ῥέξας
578 3183 603 3214 τι
624 3161 664 3214 καὶ
685 3159 850 3230 ἐσσομένοισι
871 3153 1015 3213 audierim!

234 3295 295 3352 eius
315 3295 401 3370 igitur
422 3296 493 3353 mihi
514 3298 580 3355 vivit
601 3299 764 3367 auotoritas
784 3307 813 3355 et
834 3296 995 3354 simillimus
1020 3297 1087 3356 eius
1114 3301 1184 3360 filius

234 3392 339 3450 eodem
353 3401 397 3449 est
412 3395 490 3466 apud
505 3412 551 3451 me
571 3395 708 3469 pondere,
725 3413 784 3470 quo
805 3394 857 3452 luit
875 3395 921 3452 ille
931 3415 938 3466 ;
960 3413 1051 3470 quem
1073 3400 1184 3459 salvere
