2454 3842
66 264 106 324 sp.
121 247 174 330 sn]
281 257 391 308 aaran.
415 257 465 305 no
486 225 654 307 Armenia
673 258 721 306 rx.
746 257 774 325 7.
945 255 1003 320 147

64 429 122 470 non
135 400 252 469 causam
265 406 310 489 [ut
323 410 354 468 in
369 409 491 480 Milone,
505 410 581 468 utin
603 453 610 470 .
632 455 639 470 .
664 453 671 468 .
694 409 747 469 sed
762 409 826 468 laec
839 404 1005 488 hactenus}

64 529 90 580 4.
111 509 228 568 ‘Causa
241 509 326 586 igitur
340 527 402 567 non
417 511 497 566 bona
510 508 585 567 esti’
621 508 718 566 Immo
733 510 853 585 optima,
865 508 918 566 sed
935 527 1004 584 age-

63 620 114 677 tur,
134 617 292 678 mement0,
313 607 501 666 foedissime:
522 608 650 682 primum
671 607 824 666 consilium
847 617 890 664 est
915 609 1006 666 suffo-

62 724 126 765 care
139 708 240 764 urbem
258 718 286 765 et
307 706 420 764 Italiam
442 705 527 778 fame,
545 706 650 765 deinde
670 723 757 780 agros
776 715 896 776 vastare,
911 724 1005 777 urere,

61 806 190 880 pecuniis
212 805 400 881 locupletium
414 808 468 862 noa
481 806 644 876 abstinere;
667 805 719 863 sed
738 823 806 862 curn
825 805 928 862 eadem
943 823 1006 862 me·
1020 815 1024 826 '

60 913 139 962 tuam
161 905 198 962 ab
222 903 277 962 hac
292 914 380 979 parte,
407 905 431 961 si
458 904 528 962 illim
556 905 730 962 beneficium
751 921 812 960 non
834 905 878 974 sit,
899 906 1005 962 rectius

60 1013 159 1078 putem
177 1003 290 1078 quidvis
308 1003 387 1061 domi
408 1005 526 1079 perpeti.
572 1003 630 1061 Sed
651 1004 690 1061 ita
711 1003 851 1061 meruisse
872 1003 952 1060 illum
968 1004 1005 1061 de

59 1119 107 1158 me
120 1111 199 1176 puto,
214 1112 245 1160 ut
259 1101 410 1175 ἀχαριστίας
423 1103 532 1159 crimen
553 1103 649 1160 subire
663 1119 725 1159 non
740 1101 880 1159 audeam:
902 1120 1005 1177 quam·
1020 1131 1023 1142 ·

59 1219 148 1277 quam
170 1219 187 1258 a
208 1210 236 1258 te
256 1201 319 1258 eius
340 1218 457 1276 quoque
479 1201 519 1258 rei
540 1201 615 1258 iusta
637 1199 769 1258 defensio
788 1210 833 1258 est
852 1201 1005 1276 explicata.

59 1314 88 1371 5.
109 1298 154 1356 De
168 1298 313 1375 triumpho
328 1300 379 1356 tibi
394 1299 549 1370 adsentior,
576 1316 663 1376 quem
678 1299 797 1374 quidem
810 1308 905 1357 totum
920 1299 1004 1358 facile

57 1408 88 1455 et
106 1398 227 1454 libenter
247 1399 397 1456 abiecero:
420 1398 537 1474 egregie
558 1399 653 1473 probo
675 1397 737 1456 fore
758 1408 798 1468 ut,
821 1398 893 1455 dum
915 1417 1003 1474 vaga·

56 1515 132 1567 mur,
146 1497 254 1555 ἁπλόος
273 1500 364 1570 ὡραῖος
377 1499 506 1572 obrepat.
551 1497 600 1554 ‘Si
620 1497 726 1556 modo'
742 1498 838 1574 inquis
853 1498 939 1556 ‘satis
958 1499 1003 1557 ille

55 1596 110 1652 erit
125 1594 241 1652 firmus!
283 1593 336 1653 Est
351 1595 460 1653 firmior
475 1596 561 1654 etiam
576 1614 664 1671 quam
679 1596 872 1671 putabamus;
895 1596 931 1654 de
946 1597 1003 1654 isto
1062 1643 1064 1647 .

53 1694 123 1750 licet
141 1693 216 1750 bene
231 1709 345 1768 speres:
368 1695 506 1768 promitto
525 1693 586 1763 tibi,
601 1693 624 1750 si
646 1693 759 1765 valebit,
774 1694 902 1769 tegulam
922 1695 1002 1752 illum

53 1793 86 1848 in
100 1790 184 1848 Italia
197 1790 306 1848 nullam
316 1790 490 1848 relicturum.
533 1790 635 1850 ‘Tene
649 1792 734 1866 igitur
749 1793 831 1850 socio
841 1791 865 1850 l’
892 1791 1003 1850 Contra

51 1887 219 1946 mehercule
233 1907 332 1946 meum
354 1889 492 1947 iudicium
506 1899 535 1947 et
549 1899 651 1947 contra
664 1891 795 1948 omnium
816 1891 1002 1965 antiquorum

51 1987 263 2057 auctoritatem,
279 2005 333 2044 nec
348 1998 408 2045 tam
422 1997 453 2045 ut
468 1988 515 2045 illa
529 1987 663 2046 adiuvem
678 2005 767 2065 quam
780 1997 813 2046 ut
826 1987 898 2046 haec
911 2005 948 2044 ne
962 1987 1003 2046 vi·

50 2087 141 2144 deam
152 2085 239 2160 cupio
250 2085 417 2158 discedere3
442 2086 502 2144 noli
517 2086 594 2143 enim
609 2096 711 2161 putare
725 2085 886 2144 tolerabiles
896 2085 1001 2143 horum

48 2184 182 2243 insanias
201 2201 255 2241 nec
275 2183 362 2241 unius
382 2185 463 2242 modi
483 2183 564 2242 fore:
586 2186 638 2242 etsi
656 2184 727 2260 quid
745 2193 773 2242 te
794 2183 898 2242 horum
920 2182 1001 2258 fugit,

48 2283 179 2359 legibus,
193 2281 314 2354 iudiciis,
329 2291 432 2340 senatu
447 2283 570 2353 sublato,
585 2282 727 2354 libidines
744 2282 887 2351 audacias,
902 2298 1001 2356 sump-

47 2395 109 2453 tus,
125 2390 270 2456 egestates
291 2391 334 2440 tot
356 2382 607 2457 egentissimorum
626 2381 778 2445 hominum
800 2399 854 2438 nec
876 2381 1000 2455 privatas

45 2498 141 2558 posse
161 2497 207 2538 res
223 2498 277 2539 nec
297 2499 359 2538 rem
380 2480 528 2555 publicam
545 2481 708 2540 sustinere?
743 2480 893 2538 Abeamus
914 2478 1001 2552 igitur

43 2580 118 2638 inde
133 2579 262 2655 qualibet
277 2580 469 2655 navigatione,
482 2580 536 2637 etsi
551 2578 581 2637 id
595 2580 723 2655 quidem,
738 2589 769 2636 ut
783 2579 834 2636 tibi
849 2577 1000 2647 videbitur,

42 2679 102 2737 sed
126 2687 204 2736 certe
229 2680 368 2736 abeamus
380 2697 389 2750 3
423 2677 547 2736 sciemus
571 2679 658 2749 enim,
680 2678 710 2736 id
735 2677 814 2753 quod
838 2685 999 2751 exspectas,

42 2776 121 2854 quid
135 2775 282 2834 Brundisii
296 2785 393 2834 actum
408 2776 452 2834 sit.
495 2777 523 2834 6.
546 2774 638 2834 Bonis
651 2775 717 2834 viris
732 2773 812 2851 quod
827 2774 868 2832 ais
882 2773 999 2849 probari

41 2893 125 2952 quae
141 2874 237 2932 adhuc
259 2874 421 2945 fecerimus,
437 2875 560 2950 scirique
581 2876 618 2932 ab
637 2875 672 2932 iis
692 2893 741 2932 nor
761 2891 823 2932 non
842 2871 998 2948 profectos,

40 2973 133 3032 valde
162 2973 288 3048 gaudeo,
317 2973 341 3030 si
367 2981 411 3030 est
440 2990 518 3029 nunc
542 2973 617 3030 ullus
645 2971 793 3046 gaudendi
817 2971 909 3028 locus
951 2968 998 3026 De

40 3071 178 3130 Lentulo
204 3072 384 3147 investigabo
410 3071 595 3147 diligentius:
617 3071 647 3128 id
667 3071 803 3129 mandavi
831 3068 998 3138 Philotimo,
1035 3137 1037 3142 A

40 3169 164 3228 homini
185 3169 252 3227 forti
276 3187 310 3227 ac
335 3170 456 3228 nimium
478 3169 616 3244 optimati.
661 3181 688 3241 7.
708 3168 880 3226 Extremum
901 3175 952 3236 est,
967 3176 999 3223 ut

38 3269 97 3327 tibi
114 3277 319 3343 argumentum
340 3268 378 3326 ad
399 3267 585 3326 scribendum
606 3266 728 3325 fortasse
749 3267 806 3323 iam
828 3265 998 3323 desit-nec

39 3369 128 3425 enim
152 3366 209 3424 alia
229 3366 265 3424 de
287 3385 318 3424 re
339 3385 417 3425 nunc
438 3367 495 3424 ulla
517 3367 602 3424 scribi
622 3374 736 3441 potest;
757 3365 837 3422 etde
857 3363 912 3421 hac
928 3361 998 3437 quid

37 3468 104 3524 iam
127 3465 255 3541 amplius
276 3466 397 3524 inveniri
418 3475 515 3541 potest
523 3464 629 3523 i—sed
644 3464 782 3541 quoniam
796 3472 824 3520 et
846 3461 996 3535 ingenium

498 3581 549 3622 La
753 3577 755 3581 ·
