2454 3842
212 155 254 237 98
491 167 529 219 M.
555 167 674 220 rurrrr
695 165 883 214 oroanorvrs
1042 149 1106 233 [ne
1120 165 1147 210 u.

213 320 399 380 referretur
420 337 437 378 a
458 319 670 389 consulibus,
684 318 743 396 qui
763 335 880 376 eorum
901 318 937 374 in
957 337 1016 378 ccc.
1036 318 1150 378 iudici·

212 422 276 478 bus
291 427 415 490 essent,
430 436 490 478 eos
507 417 679 476 adducere
697 417 826 475 liceret.
869 415 904 474 Si
918 417 1002 492 quid
1015 416 1057 476 de
1071 435 1110 476 ea
1122 436 1151 475 re

214 517 256 576 ad
270 516 435 594 populum
449 516 628 593 plebemve
641 515 711 574 lato
726 531 812 591 opus
826 523 925 585 esset,
938 514 988 572 uti
1004 513 1073 573 Ser.
1089 514 1151 573 Sul·

215 616 326 693 picius
353 612 395 672 M.
419 613 606 672 Marcellus
633 630 728 684 coss,
753 621 931 688 praetores
957 613 1153 690 tribunique

215 713 267 792 pl.‚
282 713 406 789 quibus
420 728 537 769 eorum
551 711 730 782 videretur,
745 710 787 769 ad
800 710 966 787 populum
981 711 1155 786 plebemve

216 813 363 871 ferrent:
395 809 485 886 quod
505 811 539 866 si
554 809 578 867 ii
598 828 667 868 non
687 810 858 881 tulissent,
877 809 935 880 uti,
954 810 1157 886 quicumque

217 909 384 984 deinceps
412 917 536 979 essent,
558 908 599 966 ad
627 909 793 986 populum
820 907 999 983 plebemve
1024 908 1158 967 ferrent

216 1009 235 1066 i.
250 1027 279 1065 n.

261 1107 287 1163 6.
309 1104 360 1161 Pr.
385 1102 459 1162 Kal.
485 1103 657 1164 Octobres
683 1105 718 1162 in
746 1104 830 1163 aede
858 1104 1036 1181 Apollinis
1065 1107 1159 1165 scrib.

210 1202 404 1278 adfuerunt
426 1204 460 1262 L.
480 1203 652 1262 Domitius
677 1201 735 1261 Cn.
757 1202 777 1260 f.
798 1203 875 1262 Fab.
899 1203 1161 1271 Ahenobarbus

220 1300 258 1371 Q.
282 1299 451 1360 Caecilius
472 1300 509 1373 Q.
531 1300 549 1359 f.
570 1300 650 1370 Feb.
678 1300 840 1361 Metellus
869 1302 950 1360 Pius
975 1301 1107 1378 Scipio,
1132 1302 1162 1358 L.

220 1395 347 1455 Villius
376 1397 409 1456 L.
445 1399 463 1456 f.
492 1399 583 1458 Pom.
614 1397 758 1457 Annalis
789 1397 822 1457 C.
852 1398 1045 1475 Septimius
1077 1400 1115 1458 T.
1146 1398 1163 1456 f.

222 1493 379 1567 Quirina,
407 1495 440 1556 C.
463 1496 623 1554 Lucilius
649 1495 725 1572 C.f.
747 1495 831 1572 Pup.
850 1494 996 1568 Hirrus,
1021 1495 1057 1556 C.
1081 1497 1167 1556 Scri·

222 1591 347 1650 bonius
367 1593 400 1653 C.
415 1594 434 1654 f.
449 1595 529 1672 Pop.
545 1593 658 1666 Curia,
678 1593 711 1653 L.
726 1594 848 1654 Ateius
869 1595 902 1654 L.
921 1595 939 1654 f.
953 1596 1017 1654 An.
1033 1594 1167 1671 Capito,

223 1689 265 1748 M.
288 1689 420 1767 Eppius
445 1692 487 1751 M.
511 1692 530 1752 l.
558 1692 731 1751 Teretina.
783 1691 884 1764 Quod
912 1693 954 1752 M.
977 1693 1169 1752 Marcellus

224 1805 291 1845 coa.
309 1807 334 1846 v.
352 1789 372 1847 i.
390 1791 430 1849 de
450 1790 649 1868 provinciis
667 1790 695 1849 d.
710 1810 735 1850 e.
749 1811 770 1850 r.
786 1792 802 1850 i.
818 1810 852 1864 c,
872 1801 1031 1850 senatum
1051 1791 1170 1850 existi-

224 1905 315 1944 mare
334 1889 506 1948 neminem
525 1906 650 1960 eorum,
671 1888 728 1964 qui
747 1899 956 1965 potestatem
974 1890 1108 1948 habent
1126 1889 1170 1960 isn-

224 1985 433 2058 tercedendi‚
453 1986 674 2063 impediendi,
694 2005 824 2046 moram
843 1987 978 2047 adferre
997 2000 1172 2064 oportere,

225 2102 292 2160 quo
317 2085 429 2143 minus
454 2087 494 2144 de
521 2105 542 2143 r.
566 2103 593 2160 p.
619 2103 648 2161 p.
674 2083 709 2142 R.
736 2084 774 2158 Q.
800 2085 1026 2146 adsenatum
1050 2086 1174 2146 referri

225 2183 406 2259 senatique
424 2184 619 2242 consultum
638 2183 717 2241 fieri
735 2184 865 2259 possit:
888 2185 944 2260 qui
963 2183 1173 2259 impedierit,

225 2280 451 2356 prohibuerit,
466 2301 542 2340 eum
561 2291 717 2340 senatum
736 2280 936 2340 existimare
956 2289 1084 2340 contra
1104 2301 1174 2340 rem

226 2379 399 2454 publicam
419 2379 552 2438 fecisse.
595 2379 630 2438 Si
648 2379 726 2456 quis
744 2379 824 2438 huic
842 2397 865 2438 s.
882 2398 906 2439 c.
923 2381 1174 2450 intercesserit,

228 2479 363 2536 senatui
380 2479 518 2556 placere
537 2478 778 2538 auctoritatem
798 2477 968 2554 perscribi
982 2485 1014 2535 et
1029 2476 1072 2535 de
1088 2497 1129 2538 ea
1144 2497 1176 2536 re

229 2571 270 2629 ad
290 2587 445 2636 senatum
464 2578 698 2654 populumque
716 2575 845 2633 relerri.
888 2573 978 2632 Huic
991 2592 1013 2632 s.
1028 2593 1053 2633 c.
1070 2575 1176 2636 inter·

230 2673 336 2730 cessit
363 2673 397 2732 C.
421 2675 567 2748 Caelius,
596 2674 630 2734 L.
659 2673 828 2744 ViniciuS,
857 2673 888 2731 P.
914 2669 1115 2746 Cornelius,
1147 2674 1177 2742 C.

229 2765 352 2830 Vibius
366 2773 486 2846 Pansa,
500 2775 633 2833 tribuni
636 2774 683 2850 pl.

274 2881 300 2942 7.
322 2868 407 2928 Item
427 2874 560 2930 senatui
580 2872 717 2949 placere
737 2870 777 2928 de
796 2869 971 2938 militibus,
990 2867 1046 2943 qui
1065 2868 1105 2927 in
1127 2890 1177 2929 ex·

232 2968 340 3026 ercitu
375 2968 409 3028 C.
439 2969 597 3029 Caesaris
633 2979 726 3028 sunt:
761 2969 818 3044 qui
851 2985 966 3026 eorum
1000 2967 1179 3043 stipendia

232 3068 374 3125 emerita
394 3078 450 3126 aut
475 3086 606 3140 caussa,
628 3069 753 3143 quibus
774 3067 814 3125 de
842 3065 955 3123 causis
979 3063 1078 3123 missi
1103 3067 1179 3126 fieri

231 3163 388 3238 debeant,
417 3167 575 3238 habeant,
604 3167 645 3226 ad
675 3166 768 3224 hunc
796 3164 952 3222 ordinem
980 3161 1119 3238 referri,
1149 3177 1179 3224 ut

231 3282 349 3322 eorum
376 3266 464 3323 ratio
493 3265 658 3324 habeatur
686 3280 881 3340 causaeque
906 3265 1178 3338 cognoscantur.

232 3361 266 3422 Si
292 3363 368 3436 quis
392 3362 470 3421 huic
493 3381 514 3420 s.
536 3381 561 3420 c.
585 3361 852 3433 intercessisset,
878 3360 1013 3431 senatui
1038 3358 1177 3436 placere
