2454 3842
72 255 119 314 sp.
137 233 193 324 45]
298 249 412 297 nrrsr.
434 248 484 296 nn
501 223 673 297 'nrrrcun
696 250 757 297 νη.
780 255 810 317 9.
966 252 1026 320 125

73 409 214 485 postulat.
255 407 334 466 Nam
349 407 420 484 quid
433 408 651 483 impudentius?
694 406 828 466 Tenuisti
848 409 1026 484 provinciam

74 526 130 584 per
145 507 248 566 decem
263 524 365 578 annos,
379 524 441 564 non
455 507 506 564 tibi
521 525 539 565 a
552 517 663 577 senatu,
679 505 731 564 sed
750 525 767 564 a
781 517 809 564 te
823 506 888 581 ipso
902 509 1026 582 pervim

74 616 105 664 et
127 623 180 681 per
194 603 349 663 factionem
368 603 453 662 datos
463 623 473 675 3
495 605 641 681 praeteriit
662 613 777 679 tempus
796 621 858 661 non
876 603 959 680 legis,
972 609 1025 666 sed

73 704 204 761 libidinis
217 713 293 774 tuae,
308 701 354 760 sac
368 711 475 772 tamen,
491 701 581 778 legis3
603 711 636 759 ut
650 700 829 772 succedatur,
845 701 1024 764 decernitur:

73 801 203 876 impedis
223 809 252 858 et
273 800 315 858 ais
336 799 431 858 ‘habe
451 816 550 857 meam
570 798 730 858 rationem!
772 797 860 856 Habe
883 811 1024 863 nostrum.

72 899 246 957 Exercitum
264 907 296 956 tu
309 897 419 955 habeas
440 897 556 968 diutius,
571 915 661 973 quam
682 895 810 972 populus
831 897 920 968 iussit,
935 899 1023 960 invito

72 999 201 1056 senatu?
230 995 400 1072 ‘depugnes
421 1004 545 1071 oportet,
566 996 622 1054 nisi
646 993 807 1053 concedis'
849 994 925 1054 Cum
945 998 1025 1058 bona

71 1096 198 1173 quidem
222 1113 283 1172 spe,
305 1101 338 1151 ut
362 1094 402 1152 ait
425 1093 512 1164 idem,
537 1094 582 1152 vel
606 1092 741 1153 vincendi
766 1092 811 1151 vel
838 1093 868 1150 in
892 1093 1023 1156 libertate

71 1194 227 1252 moriendi.
269 1192 334 1251 Iam
354 1193 378 1250 si
392 1190 584 1268 pugnandum
601 1201 654 1261 est,
670 1209 730 1267 quo
744 1200 885 1268 tempore,
899 1194 930 1251 in
944 1211 1023 1268 casu,

71 1310 137 1371 quo
163 1291 294 1363 consilio,
315 1291 346 1348 in
365 1289 546 1365 temporibus
568 1290 655 1347 situm
676 1299 720 1347 est
730 1309 738 1360 ;
770 1290 867 1366 itaque
889 1301 916 1349 te
937 1293 967 1351 in
988 1314 1024 1354 ea

71 1391 249 1469 quaestione
263 1406 325 1447 non
339 1405 472 1447 exerceo
513 1387 562 1446 Ad
576 1405 620 1458 ea,
634 1405 709 1463 quae
729 1388 797 1459 dixi,
813 1388 901 1462 adfer,
916 1392 940 1450 si
953 1395 1024 1470 quid

70 1491 187 1562 habes;
210 1488 346 1566 equidem
360 1487 421 1546 dies
435 1495 595 1563 noctesque
610 1495 755 1562 torqueor.
