2432 3844
18 248 81 310 Ep.
99 259 138 310 ⁵,
152 233 196 315 a]
292 245 775 320 rrrrr.rnrrrrcurr1.13.
987 255 1006 318 9

20 401 185 461 consilio
214 403 276 461 eius
304 403 461 480 animoque
485 405 515 461 in
540 421 587 462 me
611 402 810 464 inimicissimo
835 422 899 463 esse
924 422 1005 463 com-

20 512 186 572 motum,
201 519 350 576 cognosce
364 520 443 560 nunc
457 502 667 561 humanitatem
681 520 787 572 meam,
802 503 826 562 si
840 504 1005 562 humanitas

26 599 238 674 appellanda
258 610 303 658 est
323 600 354 658 in
374 601 561 659 acerbissima
581 601 684 660 iniuria
705 602 838 659 remissio
860 602 949 659 animi
970 620 1005 659 ac

26 697 234 756 dissolutio:
259 698 339 756 nullo
363 709 406 757 est
429 719 447 758 a
468 717 516 757 me
538 717 678 776 umquam
703 699 845 758 sententia
860 691 949 758 'dicta
976 701 1006 757 in

29 796 180 853 fratrem
193 805 275 853 tuum
284 816 294 866 ς
315 797 575 874 quotienscumque
591 797 699 873 aliquid
718 807 761 856 est
780 807 886 868 actum,
901 797 1006 856 sedens

29 896 77 952 iis
98 894 237 964 adsensi,
252 895 302 970 qui
321 894 391 952 mihi
410 896 556 954 lenissime
575 897 681 955 sentire
698 897 750 955 visi
771 905 845 955 sunt
889 895 1006 954 Addam

33 993 129 1050 illud
150 994 247 1063 etiam,
262 993 342 1067 quod
362 994 420 1051 iam
440 1011 497 1069 ego
518 1012 618 1053 curare
637 1012 698 1053 non
720 994 814 1064 debui,
834 993 887 1052 sed
907 1003 1006 1051 tamen

34 1090 117 1147 fieri
143 1107 205 1148 non
226 1090 347 1148 moleste
368 1092 418 1149 tuli
440 1102 526 1168 atque
545 1093 642 1162 etiam,
656 1101 688 1149 ut
706 1092 746 1150 ita
763 1093 853 1162 fieret,
867 1109 921 1166 pro
940 1109 1007 1147 mea

37 1197 142 1264 parte
156 1188 262 1259 adiuvi,
278 1199 309 1246 ut
329 1190 419 1247 senati
439 1189 572 1249 consulto
590 1209 674 1250 meus
695 1191 836 1261 inimicus,
852 1191 919 1266 quia
939 1199 1007 1247 tuus

38 1286 147 1344 frater
167 1295 237 1356 erat,
253 1287 454 1346 sublevaretur.
499 1307 543 1345 10.
567 1286 636 1358 Qua
648 1309 680 1348 re
694 1307 755 1347 non
769 1307 825 1364 ego
840 1287 1007 1364 oppugnavi

40 1385 180 1442 fratrem
195 1394 284 1456 tuum,
295 1386 346 1443 sed
361 1385 438 1444 fratri
453 1396 504 1444 tuo
517 1389 684 1462 repugnavi,
694 1405 749 1445 nec
763 1387 794 1444 in
807 1396 844 1456 te,
853 1396 886 1444 ut
897 1385 1006 1455 scribis,

41 1484 161 1541 animo
191 1481 232 1540 fui
258 1484 365 1555 mobili,
394 1486 446 1543 sed
473 1486 514 1542 ita
541 1487 643 1558 stabili,
668 1495 700 1544 ut
727 1487 758 1543 in
786 1503 852 1543 mea
880 1502 950 1560 erga
977 1493 1006 1540 te

44 1581 209 1639 voluntate
238 1581 324 1639 etiam
352 1582 481 1641 desertus
509 1584 547 1640 ab
575 1585 677 1643 officiis
708 1585 765 1642 tuis
796 1599 1007 1659 permanerem.

46 1683 159 1756 Atque
181 1681 238 1740 hoc
259 1683 324 1758 ipso
345 1692 476 1760 tempore
497 1685 546 1742 tibi
568 1704 662 1761 paene
683 1685 825 1743 minitanti
846 1684 931 1742 nobis
955 1701 1007 1760 per

47 1781 169 1840 litteras
184 1780 241 1839 hoc
256 1783 384 1840 rescribo
400 1791 485 1858 atque
498 1785 679 1861 respondeo:
700 1803 757 1859 ego
772 1783 865 1841 dolori
879 1793 930 1840 tuo
944 1799 1005 1838 non

48 1879 157 1938 solum
172 1880 305 1955 ignosco,
320 1881 372 1938 sed
386 1899 531 1939 summam
548 1883 635 1940 etiam
654 1882 770 1940 laudem
788 1882 900 1953 tribuo;
923 1897 1007 1937 meus

50 1979 139 2036 enim
153 1995 203 2035 me
221 1996 333 2049 sensus,
347 1989 456 2055 quanta
475 1980 518 2039 vis
538 1980 653 2039 fraterni
672 1981 708 2039 sit
727 1980 842 2050 amoris,
858 1979 1006 2037 admonet.

53 2078 84 2132 A
107 2088 139 2135 te
159 2087 231 2152 peto
251 2086 283 2135 ut
304 2088 334 2135 tu
351 2095 469 2154 quoque
489 2097 614 2154 aequum
633 2088 661 2138 te
680 2080 806 2137 iudicem
825 2077 918 2135 dolori
937 2094 1006 2134 meo

53 2177 221 2250 praebeas3
244 2177 268 2234 si
283 2178 395 2248 acerbe,
410 2178 434 2235 si
448 2178 607 2249 crudeliter,
622 2179 646 2236 si
661 2178 722 2235 sine
736 2194 824 2237 causa
838 2193 903 2234 sum
918 2193 936 2232 a
950 2174 1007 2232 tuis

55 2284 260 2350 oppugnatus,
269 2284 301 2332 ut
315 2285 423 2333 statuas
436 2275 508 2333 mihi
522 2293 583 2333 non
597 2276 687 2334 modo
699 2292 760 2332 non
772 2273 943 2342 cedendum,
953 2271 1006 2330 sed

55 2373 149 2430 etiam
169 2382 221 2430 tuo
239 2382 325 2448 atque
344 2375 486 2432 exercitus
504 2375 545 2431 tui
564 2374 669 2432 auxilio
688 2373 719 2430 in
737 2372 799 2430 eius
817 2370 898 2429 modi
917 2387 1007 2428 causa

57 2472 203 2529 utendum
217 2470 313 2529 fuisse.
355 2472 421 2547 Ego
436 2482 464 2530 te
478 2472 548 2530 mihi
563 2489 677 2548 semper
692 2471 817 2530 amicum
834 2487 898 2528 esse
911 2469 1006 2540 volui;

57 2587 108 2628 me
119 2581 152 2628 ut
166 2569 217 2626 tibi
232 2570 437 2629 amicissimum
451 2589 515 2630 esse
529 2572 718 2646 intellegeres
728 2569 865 2627 laboravi.
894 2567 1005 2626 Maneo

59 2667 90 2724 in
101 2667 249 2726 voluntate
260 2677 296 2738 et,
306 2667 404 2742 quoad
417 2668 497 2726 voles
511 2677 550 2740 tu,
559 2669 738 2746 permanebo
752 2669 892 2743 citiusque
906 2685 1006 2724 amore

59 2765 102 2822 tui
120 2766 239 2822 fratrem
257 2775 338 2823 tuum
358 2766 455 2824 odisse
478 2767 610 2825 desinam
631 2785 719 2842 quarn
739 2766 813 2824 illius
833 2765 903 2823 odio
924 2765 1005 2840 quic·

61 2879 150 2937 quam
164 2863 202 2922 de
216 2873 315 2922 nostra
327 2864 529 2923 benevolentia
543 2827 753 2924 detraham>

306 3050 333 3104 r.
375 3047 432 3105 An
452 2991 763 3122 mercurii,

170 3154 236 3214 Scn.
259 3153 368 3213 Rorrnu
390 3175 417 3212 r.
431 3174 459 3213 n.
480 3173 518 3212 vr.
540 3154 618 3213 Kar..
639 3155 708 3215 Fun.
729 3174 814 3215 mue.
830 3157 898 3230 693.

378 3280 481 3321 ercurio
502 3280 608 3321 arrico
628 3280 690 3320 san.

106 3388 128 3424 r.
152 3368 260 3427 Aecum
274 3377 338 3426 tuas
352 3377 410 3426 tres
425 3368 483 3426 iam
498 3351 649 3445 epistolas:
671 3385 760 3425 unam
774 3386 791 3425 a
805 3367 848 3425 M.
859 3366 1004 3435 CorneliO,

67 3479 150 3538 quam
165 3462 275 3522 Tribus
285 3462 437 3534 Tabernis,
447 3473 479 3520 ut
493 3463 606 3540 opinor,
619 3464 645 3520 ei
659 3463 772 3528 dedisti,
781 3463 907 3532 alteram,
917 3477 1005 3537 quam
