2452 3842
228 215 293 279 214
508 215 548 264 M.
571 215 691 263 vunan
712 215 903 264 crcsnoms
1062 201 1168 284 [varen.

227 373 278 422 aut
295 362 414 423 victoria
436 365 570 427 detractis
591 367 690 426 civitas
712 365 901 442 respiraverit,
916 373 945 424 et
967 364 1111 441 dignitate
1129 375 1170 422 tua

226 459 281 518 frui
295 461 346 519 tibi
365 472 393 520 et
413 461 535 522 fortunis
555 465 673 536 licebit;
695 464 740 522 sin
756 463 879 522 omnino
900 462 1065 520 interierint
1083 463 1169 520 omnia

225 556 367 635 fueritque
382 562 406 620 is
420 563 522 634 exitus,
538 580 626 639 quem
641 564 682 620 vir
696 561 946 638 prudentissimus,
959 561 1004 620 M.
1023 561 1169 634 Antonius,

226 657 285 714 iam
306 667 368 716 tum
389 660 519 732 timebat,
534 680 603 720 cum
623 670 737 720 tantum
756 663 864 720 instare
884 659 1031 718 malorum
1053 661 1170 736 suspica-

226 755 318 828 batur,
339 758 446 818 misera
470 769 514 818 est
537 760 586 818 illa
608 760 728 836 quidem
749 759 921 829 consolatio,
936 758 986 816 tali
1009 759 1172 834 praesertim

225 854 279 912 civi
300 863 330 912 et
350 856 419 926 vim,
442 857 495 916 sed
518 869 618 917 tamen
643 858 814 926 necessaria,
837 855 908 914 nihil
930 874 997 915 esse
1021 858 1172 933 praecipue

226 952 361 1029 cuiquam
389 954 548 1014 dolendum
575 957 607 1014 in
634 974 681 1026 eo,
703 955 784 1032 quod
812 955 924 1014 accidat
951 955 1107 1014 universis.
1149 974 1173 1028 3.

225 1048 310 1121 Quae
324 1051 367 1109 vis
388 1051 454 1111 insit
472 1054 502 1110 in
521 1053 567 1112 his
586 1053 686 1130 paucis
703 1052 921 1128 verbis-plura
940 1051 1023 1108 enim
1043 1052 1174 1109 commit·

225 1147 314 1206 tenda
341 1150 481 1226 epistolae
509 1169 569 1210 uon
598 1161 730 1222 erant-,
758 1150 783 1209 si
817 1149 957 1220 attendes,
986 1149 1072 1226 quod
1101 1150 1176 1220 facis,

225 1247 358 1323 profecto
387 1250 476 1308 etiam
503 1251 565 1310 sine
593 1250 666 1309 meis
693 1250 793 1309 litteris
824 1249 973 1324 intelleges
1007 1259 1039 1307 te
1074 1250 1178 1327 aliquid

225 1344 342 1419 habere,
357 1347 438 1424 quod
463 1367 571 1424 speres,
587 1349 665 1421 nihil,
680 1348 761 1425 quod
784 1358 833 1406 aut
855 1347 913 1406 hoc
937 1357 988 1404 aut
1014 1347 1119 1425 aliquo
1143 1351 1179 1408 rei

224 1444 357 1519 publicae
374 1457 451 1504 statu
464 1447 584 1519 timeas;
606 1447 706 1507 omnia
725 1446 749 1505 si
768 1445 934 1516 interierint,
950 1463 1020 1503 cum
1042 1450 1180 1524 supersti—

225 1551 286 1600 tem
305 1553 334 1601 te
356 1562 421 1603 esse
442 1545 483 1603 rei
500 1545 633 1623 publicae
654 1564 692 1603 ne
714 1545 739 1602 si
758 1543 843 1602 liceat
857 1543 976 1619 quidem
990 1544 1078 1616 velis,
1091 1545 1182 1606 feren·

226 1640 295 1698 dam
317 1659 381 1702 esse
396 1642 551 1715 fortunam,
566 1643 736 1719 praesertim
751 1660 826 1718 quae
848 1641 922 1699 absit
941 1659 960 1698 a
979 1641 1080 1718 eulpa.
1127 1645 1183 1704 Sed

225 1737 298 1798 haec
312 1740 463 1801 hactenus.
505 1741 555 1800 Tu
569 1742 654 1800 velim
670 1741 778 1800 scribas
793 1739 831 1798 ad
844 1757 900 1811 me,
913 1739 983 1815 quid
998 1758 1076 1816 agas
1093 1755 1124 1802 et
1138 1745 1183 1802 ubi

225 1837 337 1897 iuturus
365 1839 413 1911 siS,
436 1849 467 1898 ut
492 1850 542 1898 aut
566 1857 625 1916 quo
655 1841 780 1898 scribam
805 1848 855 1898 aut
879 1857 938 1914 quo
963 1840 1088 1899 veniam
1114 1842 1184 1900 seire

226 1954 347 2013 possim.

404 2097 470 2153 101.
513 2095 571 2153 AD
592 2093 845 2154 FAMILIARES
867 2095 921 2154 IV.
945 2114 990 2153 12.

349 2209 415 2271 Scn.
436 2210 570 2270 Aauums
591 2230 635 2271 aa.
657 2211 735 2271 Kna.
757 2211 860 2271 Iumas
882 2230 966 2271 nuc.
990 2224 1063 2286 709.

467 2336 585 2378 snavrus
606 2337 741 2378 crcnnom
761 2338 822 2378 ssa.
844 2337 929 2382 suun.

268 2455 292 2494 r.
313 2434 385 2494 Evs1
412 2433 474 2492 seio
501 2452 564 2492 non
588 2434 830 2494 iucundissimum
858 2451 906 2492 me
933 2433 1075 2496 nuntium
1102 2437 1187 2495 vobis

224 2535 396 2603 adlaturum,
408 2541 506 2590 tamen
521 2533 661 2608 quoniam
675 2551 761 2592 casus
776 2542 805 2590 et
818 2542 920 2591 natura
933 2532 965 2589 in
978 2533 1070 2590 nobis
1088 2535 1187 2592 domi-

223 2643 317 2705 natur,
331 2631 425 2691 visum
445 2641 489 2689 est
505 2625 709 2712 [iaciendum],
725 2649 844 2708 quoquo
864 2630 955 2689 modo
975 2649 1022 2689 res
1042 2650 1080 2690 se
1096 2633 1188 2692 habe-

224 2740 276 2802 ret,
301 2749 353 2789 vos
383 2731 518 2790 certiores
547 2729 650 2789 lacere.
693 2731 730 2788 A.
755 2730 782 2788 d.
809 2749 837 2789 x.
863 2729 930 2788 Kal.
953 2729 1020 2788 Iun.
1043 2749 1124 2791 cum
1155 2736 1189 2792 ab

223 2827 372 2906 Epidauro
383 2829 517 2887 Piraeum
531 2829 597 2886 navi
612 2826 749 2887 advectus
764 2846 867 2898 essem,
882 2828 922 2887 ibi
932 2827 980 2887 M.
992 2827 1190 2897 Marcellum,

224 2927 367 3003 collegam
381 2937 522 2998 nostrum,
535 2926 660 2986 conveni
671 2945 797 3002 eumque
812 2927 890 2984 diem
900 2926 940 2983 ibi
950 2932 1149 3006 consumpsi,
1162 2941 1189 2986 ut

223 3043 291 3084 cum
305 3043 341 3084 eo
357 3044 461 3086 essem.
504 3025 626 3092 Postero
646 3025 693 3083 die
713 3043 781 3084 cum
796 3025 833 3082 ab
854 3041 890 3082 eo
912 3023 1062 3100 digressus
1087 3045 1190 3086 essem

223 3143 260 3183 co
280 3124 410 3197 consilio,
425 3135 458 3183 ut
477 3126 514 3183 ab
529 3123 652 3182 Athenis
671 3124 702 3181 in
717 3122 872 3182 Boeotiam
886 3122 957 3180 irem
975 3123 1191 3203 reliquamque

223 3222 451 3281 iurisdictionem
471 3222 660 3293 absolverem,
675 3222 729 3292 ille,
744 3231 777 3280 ut
797 3221 900 3291 aiebat,
915 3238 1003 3296 supra
1018 3221 1151 3284 Maleas
1165 3227 1190 3282 iu

222 3320 336 3378 ltaliam
361 3335 460 3376 versus
485 3320 670 3393 navigaturus
695 3329 764 3378 erat.
812 3337 837 3378 a.
859 3318 931 3377 Post
956 3318 1037 3377 diem
1060 3327 1190 3382 tertium

223 3417 285 3464 eine
308 3413 372 3482 diei,
394 3431 462 3469 cum
483 3415 519 3470 ab
542 3416 665 3474 Athenis
686 3416 830 3494 proficisci
853 3417 884 3475 in
906 3417 1006 3476 auimo
1027 3418 1191 3488 haberem.
