2454 3842
59 242 107 303 ap.
127 226 183 310 30.]
269 239 383 291 rrrsr.
406 240 456 287 xo
469 219 701 288 'rrnrcmnrs
722 240 761 287 11.
785 226 815 288 6.
972 223 1014 305 89

60 389 155 447 dicari
173 406 262 466 quam
283 407 301 448 a
321 407 369 447 me
389 390 543 466 ponderari
565 390 667 460 solent,
688 388 878 448 verecundius
899 407 916 446 a
937 398 974 458 te,
990 389 1013 446 si

60 506 142 562 quae
156 506 265 564 magna
280 507 327 546 res
341 488 413 546 mihi
433 488 560 565 petenda
577 498 662 558 esset,
678 488 904 557 contenderem
926 505 1013 563 grave

60 595 108 644 est
127 588 208 644 enim
227 587 339 645 homini
357 587 478 664 pudenti
496 596 595 663 petere
614 587 724 663 aliquid
744 604 885 661 magnum
907 587 944 644 ab
966 604 1013 655 eu,

62 684 102 742 de
116 702 178 760 quo
193 702 225 743 se
239 686 315 744 bene
329 686 463 744 meritum
478 695 567 762 putet,
582 704 620 744 ne
639 687 678 756 id,
693 685 773 761 quod
792 693 880 761 petat,
895 685 1013 760 exigere

62 784 161 860 magis
175 803 265 860 quam
279 802 382 862 rogare
397 794 426 844 et
444 787 475 843 in
493 786 636 845 mercedis
654 785 752 861 potius
771 802 861 860 quam
879 783 1013 840 beneficii

62 883 132 942 loco
146 902 298 943 numerare
312 885 449 942 videatur.
494 904 519 942 2.
543 883 601 943 Sed
615 885 684 960 quia
697 893 748 941 tua
763 883 794 941 in
812 901 860 941 me
879 880 924 940 vel
943 890 1013 939 nota

63 982 202 1041 omnibus
214 983 258 1040 vel
272 982 336 1058 ipsa
347 983 472 1041 novitate
486 1000 619 1041 meorum
634 991 799 1058 temporum
814 981 971 1040 clarissima
984 989 1012 1036 et

62 1079 194 1136 maxima
214 1081 356 1138 beneficia
376 1081 553 1151 exstiterunt,
576 1088 678 1157 estque
703 1080 792 1138 animi
815 1079 943 1155 ingenui,
965 1076 1012 1135 cui

63 1177 190 1235 multum
205 1178 321 1248 debeas,
337 1178 431 1237 eidem
446 1178 602 1260 plurimum
616 1178 688 1236 velle
707 1179 821 1248 debere,
837 1195 899 1236 non
918 1176 1012 1235 dubit-

63 1277 110 1332 avi
129 1273 196 1334 ida
216 1287 243 1335 te
265 1295 317 1352 per
337 1277 445 1336 litteras
467 1286 573 1354 petere,
588 1277 669 1353 quod
690 1277 760 1334 mihi
782 1277 914 1334 omnium
936 1283 1013 1332 esset

62 1376 228 1434 maximum
256 1377 441 1452 maximeque
469 1378 666 1435 necessarium
676 1397 685 1448 ;
717 1394 813 1453 neque
841 1376 919 1434 enim
947 1391 1012 1432 sum

62 1474 171 1532 veritus
212 1492 250 1531 ne
293 1475 434 1533 sustinere
477 1485 527 1533 tua
567 1475 598 1532 in
633 1493 681 1532 me
714 1473 760 1532 vel
792 1473 1013 1531 innumerabilia

62 1591 128 1631 non
156 1591 284 1649 possem,
312 1592 380 1633 cum
408 1575 577 1650 praesertim
605 1573 784 1632 confiderem
811 1572 920 1630 nullam
948 1590 1012 1629 esse

63 1671 189 1747 gratiam
210 1680 328 1742 tantam,
350 1691 439 1748 quam
460 1690 521 1730 non
541 1671 587 1730 vel
611 1691 715 1750 capere
740 1673 854 1731 animus
878 1689 961 1729 meus
982 1671 1013 1727 in

63 1768 236 1845 accipiendo
252 1769 298 1827 vel
315 1771 345 1827 in
366 1768 579 1828 remunerando
602 1771 747 1828 cumulare
769 1780 855 1845 atque
875 1769 1013 1828 illustrare

62 1878 174 1944 posset.
225 1886 251 1941 3.
283 1867 350 1944 Ego
377 1871 477 1927 omnia
503 1887 570 1927 mea
598 1868 701 1940 studia,
730 1887 851 1927 omnem
883 1885 1012 1943 operam,

63 1984 175 2037 curam,
189 1966 368 2038 industriam,
380 1967 598 2042 cogitationem,
610 1978 738 2026 mentem
753 1966 878 2042 denique
893 1982 1013 2024 omnem

63 2067 97 2123 in
112 2064 232 2123 Milonis
246 2065 399 2124 consulatu
413 2066 463 2122 fixi
477 2075 506 2124 et
519 2066 620 2136 locavi,
636 2066 779 2140 statuique
793 2066 823 2123 in
838 2082 874 2122 eo
889 2082 937 2121 me
951 2079 1013 2118 non

63 2163 153 2223 officii
175 2163 270 2222 solum
290 2163 414 2222 fructum
440 2166 493 2223 sed
517 2165 603 2222 etiam
627 2165 742 2239 pietatis
764 2163 881 2221 laudem
907 2161 1012 2218 debere

63 2280 227 2338 quaerere,
248 2280 344 2338 neque
361 2281 430 2322 vero
449 2263 585 2337 cuiquam
604 2263 726 2320 salutem
747 2281 781 2321 ac
801 2260 931 2319 fortunas
945 2275 1012 2315 suas

62 2373 163 2421 tantae
183 2380 268 2420 curae
282 2361 371 2420 fuisse
385 2380 525 2438 umquam
539 2370 619 2437 puto,
634 2371 760 2436 quantae
773 2358 844 2417 mihi
859 2369 903 2417 est
917 2358 1013 2415 honos

61 2459 137 2528 eius,
160 2460 191 2517 in
215 2476 275 2534 quo
297 2459 397 2517 omnia
419 2476 485 2516 mea
506 2459 603 2533 posita
627 2477 690 2516 esse
714 2457 835 2516 decrevi.
877 2455 956 2513 Huic
985 2463 1012 2510 te

62 2575 159 2618 unum
179 2566 260 2616 tanto
281 2557 450 2616 adiumento
470 2575 543 2629 esse,
564 2557 588 2615 si
609 2557 743 2628 volueris,
757 2574 845 2633 posse
866 2553 1012 2628 intelleg0‚

61 2665 98 2716 ut
111 2655 183 2713 nihil
197 2656 234 2714 sit
246 2664 396 2732 praeterea
410 2656 495 2714 nobis
509 2657 724 2732 requirendum.
767 2655 921 2714 Habemus
940 2652 1013 2710 haec

62 2755 178 2816 omnia:
193 2755 338 2813 bonorum
353 2754 480 2813 studium
496 2755 681 2813 conciliatum
693 2774 729 2814 ex
740 2755 884 2812 tribunatu
895 2760 1014 2829 propter

62 2865 206 2923 nostram
221 2861 253 2910 ut
268 2869 354 2928 spero
368 2861 396 2910 te
411 2851 585 2928 intellegere,
601 2871 717 2912 causam
725 2871 734 2923 ;
749 2852 826 2928 volgi
840 2871 875 2910 ac
889 2850 1015 2908 multitu-

62 2955 144 3016 dinis
169 2963 287 3030 propter
310 2952 557 3028 magnificentiam
581 2971 736 3010 munerum
759 2951 1014 3025 liberalitatemque

63 3065 198 3120 naturam
212 3051 366 3109 iuventutis
378 3061 406 3108 et
417 3051 611 3126 gratiosorum
622 3051 652 3110 in
664 3050 807 3126 suffragiis
820 3049 914 3108 studia
925 3065 1013 3124 prop-

62 3167 108 3215 ter
122 3152 213 3228 ipsius
227 3149 416 3208 excellentem
431 3149 461 3206 in
475 3167 512 3206 eo
526 3167 633 3224 genere
643 3149 688 3206 vel
702 3149 825 3225 gratiam
835 3148 880 3206 vel
892 3146 1013 3221 diligen-

62 3255 148 3323 tiam;
170 3259 300 3308 nostram
320 3248 565 3324 suffragationem,
580 3249 604 3307 si
618 3249 715 3306 minus
729 3257 887 3325 potentem,
903 3257 932 3304 at
946 3263 1013 3321 pro-

63 3357 164 3412 batam
185 3357 284 3406 tamen
304 3358 333 3404 et
351 3347 457 3404 iustam
474 3358 503 3403 et
522 3345 649 3405 debitam
670 3356 700 3405 et
718 3356 873 3422 propterea
891 3343 1013 3402 fortasse

63 3450 153 3510 etiam
167 3444 333 3524 gratiosam.
377 3465 404 3518 4.
427 3445 497 3504 Dux
512 3445 598 3504 nobis
613 3455 641 3504 et
656 3456 757 3506 auctor
772 3461 848 3522 opus
863 3454 907 3502 est
921 3453 949 3500 et
963 3457 1011 3497 eo-
