2452 3842
82 174 244 256 ap.ss,67.]
296 187 408 237 rrrsr.
431 181 733 239 enarmonium.
761 176 809 240 18.
965 197 1024 262 159

81 353 128 392 me
146 337 205 394 mei
223 338 346 396 similem
363 357 427 399 esse
446 348 475 399 et
491 338 555 398 illos
575 339 626 398 sui.
670 345 697 397 3.
720 339 769 397 Tu
787 340 873 398 velim
893 340 965 398 mihi
985 341 1023 399 ad

81 436 182 494 urbem
196 448 312 512 praesto
327 439 375 506 sis,
390 451 422 498 ut
440 439 497 496 tuis
517 438 644 497 consiliis
663 450 751 514 atque
772 441 886 514 opibus,
901 449 933 498 ut
952 457 1023 498 con·

80 536 168 605 suevi,
183 535 214 592 in
234 536 371 595 omnibus
392 538 478 596 rebus
499 548 570 596 utar.
612 535 765 595 Dolabella
784 549 835 596 tuo
857 537 928 594 nihil
949 541 1022 597 scito

79 631 149 688 mihi
173 651 238 692 esse
261 635 424 694 iucundius.
467 635 555 694 Hanc
579 636 653 694 adeo
677 635 793 694 habebo
817 638 939 711 gratiam
963 637 1020 708 illi;

78 747 174 805 neque
188 733 266 789 enim
280 733 360 791 aliter
373 733 467 792 facere
486 735 607 809 poterit:
628 742 709 791 tanta
728 733 789 792 eius
809 733 982 806 humanitas,
997 736 1021 792 is

77 848 188 902 sensus
204 850 239 889 ea
253 832 283 890 in
297 851 344 890 me
359 845 403 891 est
416 833 634 892 benevolentia?

293 986 339 1039 67.
383 981 440 1040 AD
462 980 657 1041 ATTICUM
679 980 732 1039 IX.
758 985 801 1039 18.

131 1093 197 1154 Sca.
212 1095 319 1156 Anna
339 1117 461 1158 A.D.1v.
477 1098 638 1156 Kauannns
660 1096 787 1156 Arnmas
808 1116 889 1158 nnc.
909 1111 924 1172 7
949 1113 976 1172 5.

389 1223 492 1264 cronno
514 1223 620 1264 amrco
641 1221 700 1262 sm.

118 1339 144 1376 1.
167 1318 338 1387 Umunoun
362 1339 398 1378 ex
420 1330 471 1378 tuo
493 1320 631 1378 consilio:
656 1338 725 1377 nam
747 1329 775 1378 et
796 1321 889 1379 oratio
909 1319 962 1379 suit
982 1341 1017 1380 ea

72 1428 182 1488 nostra,
203 1427 234 1476 ut
257 1420 333 1477 bene
358 1419 455 1496 potius
480 1419 526 1476 ille
550 1418 587 1476 de
612 1418 697 1476 nobis
722 1420 906 1490 existimaret,
928 1439 1017 1500 quam

71 1518 180 1590 gratias
203 1528 309 1592 ageret,
331 1527 360 1575 et
383 1518 413 1575 in
436 1535 472 1575 eo
497 1518 666 1588 mansimus,
687 1535 725 1575 ne
749 1518 788 1576 ad
811 1519 921 1577 urbem.
963 1518 1017 1578 Illa

71 1614 243 1684 fefellerunt,
268 1615 382 1674 facilem
406 1615 487 1691 quod
511 1626 697 1691 putaramus:
726 1615 796 1674 nihil
824 1617 881 1674 vidi
909 1618 1015 1676 minus.

70 1713 214 1772 Damnari
228 1733 259 1772 se
273 1724 374 1773 nostro
393 1714 508 1785 iudicio,
524 1713 663 1772 tardiores
683 1714 745 1772 sore
764 1715 901 1791 reliquos,
916 1716 940 1773 si
959 1734 1015 1774 nos

69 1829 132 1870 non
159 1813 331 1882 venerimus
359 1813 470 1883 dicere;
506 1830 571 1888 ego,
587 1793 769 1870 'dissimilem
802 1814 916 1872 illorum
949 1833 1014 1873 esse

69 1928 197 1969 causam.
226 1910 302 1970 Cum
313 1911 420 1970 multa:
433 1912 511 1969 ‘veni
522 1912 608 1986 igitur
618 1922 646 1969 et
657 1929 712 1986 age
727 1911 764 1969 de
777 1909 869 1986 pace!
894 1911 1013 1982 Meone,

67 2011 198 2085 inquam,
213 2012 369 2069 arbitratu?
413 2011 478 2069 ‘An
499 2009 566 2068 tibi’
581 2011 674 2087 inquit
689 2021 762 2086 ‘ego
784 2012 1013 2086 praescribaml’

67 2108 126 2179 Sic,
140 2110 268 2185 inquam,
284 2129 379 2186 agam,
394 2110 507 2169 senatui
528 2128 590 2169 non
610 2109 725 2185 placere
746 2109 776 2164 in
798 2107 958 2184 Hispanias
979 2110 1012 2166 iri

65 2228 123 2267 nec
137 2209 281 2268 exercitus
295 2211 325 2266 in
339 2208 495 2269 Graeciam
510 2209 706 2285 transportari,
715 2208 873 2284 multaque,
882 2209 1011 2284 inquam,

66 2307 103 2365 de
120 2305 225 2365 Gnaeo
241 2306 408 2383 deplorabo.
444 2308 524 2365 Tum
538 2308 600 2367 ille:
616 2313 686 2382 ‘ego
700 2323 768 2364 vero
784 2307 837 2364 ista
852 2306 908 2364 dici
921 2303 1010 2365 nolo.’

64 2406 113 2464 lta
131 2406 280 2480 putabam,
297 2407 426 2483 inquam,
441 2407 492 2464 sed
511 2425 568 2483 ego
588 2424 624 2465 eo
644 2407 714 2464 nolo
733 2405 845 2476 adesse,
860 2405 941 2480 quod
960 2415 1010 2464 aut

64 2505 107 2561 sic
122 2503 194 2561 mihi
208 2504 365 2563 dicendum
379 2515 422 2564 est
436 2506 592 2581 multaque,
604 2524 678 2582 quae
692 2504 771 2562 nullo
786 2503 876 2562 modo
890 2522 1010 2579 possem

63 2602 158 2674 silere,
173 2604 197 2661 si
218 2605 361 2675 adessem,
381 2614 430 2662 aut
451 2623 512 2663 non
533 2605 716 2663 veniendum.
760 2603 881 2662 Summa
902 2603 962 2676 fuit,
977 2615 1010 2662 ut

61 2701 120 2772 ille,
142 2702 226 2776 quasi
247 2703 357 2760 exitum
377 2720 528 2778 quaerens
545 2707 593 2763 ‘ut
615 2701 820 2761 deliberarem!
864 2701 934 2760 Non
955 2702 1009 2761 fuit
1065 2761 1068 2766 ,

60 2801 242 2874 negandum.
283 2800 327 2858 Ita
346 2800 539 2859 discessimus.
582 2799 679 2859 Credo
693 2801 778 2876 igitur
791 2800 870 2858 hunc
884 2818 931 2858 me
946 2820 1008 2860 non

60 2915 162 2956 amare
170 2917 178 2969 ;
201 2909 230 2956 at
244 2917 301 2974 ego
315 2918 363 2957 me
378 2901 480 2970 amavi,
496 2899 577 2975 quod
591 2899 661 2957 mihi
675 2899 735 2956 iam
748 2899 861 2974 pridem
875 2917 931 2957 usu
945 2917 1007 2956 non

58 2997 149 3055 venit.
194 3017 220 3055 a.
238 2996 398 3073 Reliqua,o
414 2997 460 3054 dil
483 2997 532 3073 qui
546 2997 700 3055 comitatus
713 3000 719 3055 l
741 3015 825 3072 quae,
836 3006 869 3054 ut
882 3007 914 3054 tu
929 2997 1006 3056 soles

58 3097 166 3167 dicere,
183 3100 282 3155 νεκυίαΙ
303 3098 333 3154 in
348 3107 480 3172 quaerat
495 3100 513 3163 †
528 3113 577 3153 ero
593 3095 711 3153 sceleril
731 3113 750 3152 o
765 3113 826 3152 rem
845 3095 1005 3170 perditam!

56 3214 76 3253 o
94 3195 197 3271 copias
212 3196 393 3271 desperatasl
427 3194 515 3266 Quid,
530 3193 603 3268 quod
614 3193 704 3250 Servii
718 3193 801 3262 filius,
816 3193 889 3266 quod
904 3191 1006 3250 Titinii

55 3297 88 3353 in
104 3295 140 3352 iis
155 3295 255 3354 castris
275 3295 400 3365 fuerunt,
415 3294 520 3371 quibus
539 3292 698 3368 Pompeius
728 3291 1003 3350 circumsederetur!

54 3413 111 3453 sex
126 3394 277 3468 legiones;
298 3394 420 3452 multum
436 3391 542 3468 vigilat,
557 3391 661 3449 audet:
682 3389 793 3448 nullum
812 3389 896 3447 video
915 3388 1004 3446 finem
