<?xml version="1.0" encoding="UTF-8"?>
<!DOCTYPE html PUBLIC "-//W3C//DTD XHTML 1.0 Transitional//EN"
    "http://www.w3.org/TR/xhtml1/DTD/xhtml1-transitional.dtd">
<html xmlns="http://www.w3.org/1999/xhtml" xml:lang="en" lang="en">
 <head>
  <title>
</title>
<meta http-equiv="Content-Type" content="text/html;charset=utf-8" />
  <meta name='ocr-system' content='tesseract 3.04.00' />
  <meta name='ocr-capabilities' content='ocr_page ocr_carea ocr_par ocr_line ocrx_word'/>
</head>
<body>
  <div class='ocr_page' id='page_1' title='image "./epistolaeselect00watsgoog/epistolaeselect00watsgoog_0041.png"; bbox 0 0 2432 3844; ppageno 0'>
   <div class='ocr_carea' id='block_1_1' title="bbox 207 242 1150 324">
    <p class='ocr_par' dir='ltr' id='par_1_1' title="bbox 207 242 1150 324">
     <span class='ocr_line' id='line_1_1' title="bbox 207 242 1150 324; baseline -0.003 -18"><span class='ocrx_word' id='word_1_1' title='bbox 207 262 247 310; x_wconf 86' lang='lat'><strong>20</strong></span> <span class='ocrx_word' id='word_1_2' title='bbox 483 253 522 305; x_wconf 85' lang='lat' dir='ltr'><strong>M.</strong></span> <span class='ocrx_word' id='word_1_3' title='bbox 548 252 668 302; x_wconf 80' lang='lat' dir='ltr'><strong>rorrrr</strong></span> <span class='ocrx_word' id='word_1_4' title='bbox 689 253 876 303; x_wconf 81' lang='lat' dir='ltr'><strong>oronnorvrs</strong></span> <span class='ocrx_word' id='word_1_5' title='bbox 1045 242 1118 324; x_wconf 72' lang='lat' dir='ltr'><strong>[ears</strong></span> <span class='ocrx_word' id='word_1_6' title='bbox 1133 256 1150 304; x_wconf 91' lang='lat'><strong>1.</strong></span> 
     </span>
    </p>
   </div>
   <div class='ocr_carea' id='block_1_2' title="bbox 204 411 1148 3538">
    <p class='ocr_par' dir='ltr' id='par_1_2' title="bbox 204 411 1148 3538">
     <span class='ocr_line' id='line_1_2' title="bbox 207 411 1148 488; baseline -0.003 -16"><span class='ocrx_word' id='word_1_7' title='bbox 207 414 275 472; x_wconf 91' lang='lat' dir='ltr'><strong>‘tibi</strong></span> <span class='ocrx_word' id='word_1_8' title='bbox 309 430 369 470; x_wconf 90' lang='lat' dir='ltr'><strong>non</strong></span> <span class='ocrx_word' id='word_1_9' title='bbox 404 412 602 473; x_wconf 68' lang='lat' dir='ltr'><strong>crediderunt!</strong></span> <span class='ocrx_word' id='word_1_10' title='bbox 658 411 749 470; x_wconf 87' lang='lat' dir='ltr'>‘Mihi</span> <span class='ocrx_word' id='word_1_11' title='bbox 780 411 867 470; x_wconf 85' lang='lat' dir='ltr'><strong>vero’</strong></span> <span class='ocrx_word' id='word_1_12' title='bbox 903 412 1024 488; x_wconf 91' lang='lat' dir='ltr'><strong>inquam</strong></span> <span class='ocrx_word' id='word_1_13' title='bbox 1061 417 1148 470; x_wconf 70' lang='lat' dir='ltr'><strong>‘xxa</strong></span> 
     </span>
     <span class='ocr_line' id='line_1_3' title="bbox 204 509 1148 587; baseline -0.003 -18"><span class='ocrx_word' id='word_1_14' title='bbox 204 511 315 570; x_wconf 89' lang='lat' dir='ltr'><strong>iudices</strong></span> <span class='ocrx_word' id='word_1_15' title='bbox 342 509 531 582; x_wconf 90' lang='lat' dir='ltr'><strong>crediderunt,</strong></span> <span class='ocrx_word' id='word_1_16' title='bbox 560 529 647 581; x_wconf 72' lang='lat' dir='ltr'><strong>xxxr,</strong></span> <span class='ocrx_word' id='word_1_17' title='bbox 670 511 811 587; x_wconf 91' lang='lat' dir='ltr'><strong>quoniam</strong></span> <span class='ocrx_word' id='word_1_18' title='bbox 838 528 975 569; x_wconf 89' lang='lat' dir='ltr'><strong>nummos</strong></span> <span class='ocrx_word' id='word_1_19' title='bbox 1004 520 1073 568; x_wconf 91' lang='lat' dir='ltr'><strong>ante</strong></span> <span class='ocrx_word' id='word_1_20' title='bbox 1103 527 1148 567; x_wconf 90' lang='lat' dir='ltr'><strong>ac-</strong></span> 
     </span>
     <span class='ocr_line' id='line_1_4' title="bbox 205 607 1148 686; baseline -0.005 -17"><span class='ocrx_word' id='word_1_21' title='bbox 205 617 350 686; x_wconf 88' lang='lat' dir='ltr'><strong>ceperunt,</strong></span> <span class='ocrx_word' id='word_1_22' title='bbox 383 609 434 667; x_wconf 90' lang='lat' dir='ltr'><strong>tibi</strong></span> <span class='ocrx_word' id='word_1_23' title='bbox 463 609 533 667; x_wconf 88' lang='lat' dir='ltr'>nihil</span> <span class='ocrx_word' id='word_1_24' title='bbox 563 609 764 668; x_wconf 85' lang='lat' dir='ltr'><strong>crediderunt&#39;</strong></span> <span class='ocrx_word' id='word_1_25' title='bbox 820 607 937 683; x_wconf 83' lang='lat' dir='ltr'>Magnis</span> <span class='ocrx_word' id='word_1_26' title='bbox 971 608 1148 666; x_wconf 85' lang='lat' dir='ltr'><strong>&#39;clamoribus</strong></span> 
     </span>
     <span class='ocr_line' id='line_1_5' title="bbox 206 705 1148 766; baseline -0.004 0"><span class='ocrx_word' id='word_1_27' title='bbox 206 707 337 766; x_wconf 87' lang='lat' dir='ltr'><strong>adflictus</strong></span> <span class='ocrx_word' id='word_1_28' title='bbox 359 707 495 766; x_wconf 88' lang='lat' dir='ltr'><strong>conticuit</strong></span> <span class='ocrx_word' id='word_1_29' title='bbox 516 715 544 765; x_wconf 93' lang='lat' dir='ltr'><strong>et</strong></span> <span class='ocrx_word' id='word_1_30' title='bbox 565 707 699 766; x_wconf 88' lang='lat' dir='ltr'>concidit.</span> <span class='ocrx_word' id='word_1_31' title='bbox 745 725 789 766; x_wconf 88' lang='lat'><strong>11.</strong></span> <span class='ocrx_word' id='word_1_32' title='bbox 811 705 919 764; x_wconf 84' lang='lat' dir='ltr'>Noster</span> <span class='ocrx_word' id='word_1_33' title='bbox 940 717 1038 764; x_wconf 90' lang='lat' dir='ltr'><strong>autem</strong></span> <span class='ocrx_word' id='word_1_34' title='bbox 1058 716 1148 765; x_wconf 87' lang='lat' dir='ltr'><strong>status</strong></span> 
     </span>
     <span class='ocr_line' id='line_1_6' title="bbox 205 804 1148 882; baseline -0.004 -18"><span class='ocrx_word' id='word_1_35' title='bbox 205 815 248 864; x_wconf 92' lang='lat' dir='ltr'><strong>est</strong></span> <span class='ocrx_word' id='word_1_36' title='bbox 284 805 347 865; x_wconf 94' lang='lat' dir='ltr'><strong>hic:</strong></span> <span class='ocrx_word' id='word_1_37' title='bbox 382 804 460 882; x_wconf 91' lang='lat' dir='ltr'><strong>apud</strong></span> <span class='ocrx_word' id='word_1_38' title='bbox 494 806 588 864; x_wconf 89' lang='lat' dir='ltr'><strong>bonos</strong></span> <span class='ocrx_word' id='word_1_39' title='bbox 621 805 710 863; x_wconf 90' lang='lat' dir='ltr'><strong>iidem</strong></span> <span class='ocrx_word' id='word_1_40' title='bbox 746 823 854 875; x_wconf 92' lang='lat' dir='ltr'><strong>sumus,</strong></span> <span class='ocrx_word' id='word_1_41' title='bbox 891 822 964 880; x_wconf 93' lang='lat' dir='ltr'><strong>quos</strong></span> <span class='ocrx_word' id='word_1_42' title='bbox 997 805 1148 882; x_wconf 88' lang='lat' dir='ltr'><strong>reliquisti,</strong></span> 
     </span>
     <span class='ocr_line' id='line_1_7' title="bbox 205 902 1147 981; baseline -0.002 -19"><span class='ocrx_word' id='word_1_43' title='bbox 205 905 284 981; x_wconf 90' lang='lat' dir='ltr'><strong>apud</strong></span> <span class='ocrx_word' id='word_1_44' title='bbox 318 904 434 963; x_wconf 87' lang='lat' dir='ltr'>sordem</span> <span class='ocrx_word' id='word_1_45' title='bbox 468 903 546 961; x_wconf 92' lang='lat' dir='ltr'><strong>urbis</strong></span> <span class='ocrx_word' id='word_1_46' title='bbox 580 913 609 961; x_wconf 91' lang='lat' dir='ltr'><strong>et</strong></span> <span class='ocrx_word' id='word_1_47' title='bbox 643 902 754 961; x_wconf 88' lang='lat' dir='ltr'>faecem</span> <span class='ocrx_word' id='word_1_48' title='bbox 790 902 879 961; x_wconf 90' lang='lat' dir='ltr'><strong>multo</strong></span> <span class='ocrx_word' id='word_1_49' title='bbox 917 903 1018 962; x_wconf 91' lang='lat' dir='ltr'><strong>melius</strong></span> <span class='ocrx_word' id='word_1_50' title='bbox 1059 922 1147 974; x_wconf 88' lang='lat' dir='ltr'><strong>nunc,</strong></span> 
     </span>
     <span class='ocr_line' id='line_1_8' title="bbox 205 1001 1146 1080; baseline -0.005 -17"><span class='ocrx_word' id='word_1_51' title='bbox 205 1022 296 1080; x_wconf 89' lang='lat' dir='ltr'><strong>quam</strong></span> <span class='ocrx_word' id='word_1_52' title='bbox 322 1022 383 1060; x_wconf 82' lang='lat' dir='ltr'><strong>cum</strong></span> <span class='ocrx_word' id='word_1_53' title='bbox 410 1001 563 1078; x_wconf 89' lang='lat' dir='ltr'><strong>reliquisti:</strong></span> <span class='ocrx_word' id='word_1_54' title='bbox 597 1021 666 1060; x_wconf 90' lang='lat' dir='ltr'><strong>nam</strong></span> <span class='ocrx_word' id='word_1_55' title='bbox 694 1013 722 1061; x_wconf 91' lang='lat' dir='ltr'><strong>et</strong></span> <span class='ocrx_word' id='word_1_56' title='bbox 749 1002 818 1060; x_wconf 92' lang='lat' dir='ltr'><strong>illud</strong></span> <span class='ocrx_word' id='word_1_57' title='bbox 845 1002 930 1060; x_wconf 92' lang='lat' dir='ltr'><strong>nobis</strong></span> <span class='ocrx_word' id='word_1_58' title='bbox 959 1019 1020 1059; x_wconf 94' lang='lat' dir='ltr'><strong>non</strong></span> <span class='ocrx_word' id='word_1_59' title='bbox 1054 1003 1146 1071; x_wconf 91' lang='lat' dir='ltr'><strong>obest,</strong></span> 
     </span>
     <span class='ocr_line' id='line_1_9' title="bbox 204 1101 1148 1162; baseline -0.002 -2"><span class='ocrx_word' id='word_1_60' title='bbox 204 1103 293 1162; x_wconf 91' lang='lat' dir='ltr'><strong>videri</strong></span> <span class='ocrx_word' id='word_1_61' title='bbox 320 1110 452 1159; x_wconf 89' lang='lat' dir='ltr'><strong>nostrum</strong></span> <span class='ocrx_word' id='word_1_62' title='bbox 479 1101 677 1159; x_wconf 91' lang='lat' dir='ltr'><strong>testimonium</strong></span> <span class='ocrx_word' id='word_1_63' title='bbox 701 1120 762 1160; x_wconf 92' lang='lat' dir='ltr'><strong>non</strong></span> <span class='ocrx_word' id='word_1_64' title='bbox 790 1101 927 1159; x_wconf 86' lang='lat' dir='ltr'><strong>valuisse:</strong></span> <span class='ocrx_word' id='word_1_65' title='bbox 967 1101 1076 1160; x_wconf 91' lang='lat' dir='ltr'><strong>missus</strong></span> <span class='ocrx_word' id='word_1_66' title='bbox 1106 1110 1148 1159; x_wconf 90' lang='lat' dir='ltr'><strong>est</strong></span> 
     </span>
     <span class='ocr_line' id='line_1_10' title="bbox 205 1199 1146 1276; baseline -0.005 -16"><span class='ocrx_word' id='word_1_67' title='bbox 205 1201 324 1276; x_wconf 88' lang='lat' dir='ltr'><strong>sanguis</strong></span> <span class='ocrx_word' id='word_1_68' title='bbox 348 1199 473 1257; x_wconf 90' lang='lat' dir='ltr'><strong>invidiae</strong></span> <span class='ocrx_word' id='word_1_69' title='bbox 502 1199 564 1257; x_wconf 92' lang='lat' dir='ltr'><strong>sine</strong></span> <span class='ocrx_word' id='word_1_70' title='bbox 593 1200 711 1272; x_wconf 88' lang='lat' dir='ltr'><strong>dolore;</strong></span> <span class='ocrx_word' id='word_1_71' title='bbox 740 1210 826 1276; x_wconf 90' lang='lat' dir='ltr'><strong>atque</strong></span> <span class='ocrx_word' id='word_1_72' title='bbox 854 1200 941 1258; x_wconf 86' lang='lat' dir='ltr'><strong>etiam</strong></span> <span class='ocrx_word' id='word_1_73' title='bbox 962 1199 1018 1257; x_wconf 93' lang='lat' dir='ltr'><strong>hoc</strong></span> <span class='ocrx_word' id='word_1_74' title='bbox 1044 1199 1146 1274; x_wconf 87' lang='lat' dir='ltr'><strong>magis,</strong></span> 
     </span>
     <span class='ocr_line' id='line_1_11' title="bbox 206 1297 1146 1376; baseline -0.002 -19"><span class='ocrx_word' id='word_1_75' title='bbox 206 1297 286 1376; x_wconf 92' lang='lat' dir='ltr'><strong>quod</strong></span> <span class='ocrx_word' id='word_1_76' title='bbox 320 1314 423 1355; x_wconf 90' lang='lat' dir='ltr'><strong>omnes</strong></span> <span class='ocrx_word' id='word_1_77' title='bbox 451 1297 490 1355; x_wconf 92' lang='lat' dir='ltr'><strong>illi</strong></span> <span class='ocrx_word' id='word_1_78' title='bbox 518 1297 640 1356; x_wconf 82' lang='lat' dir='ltr'>fautores</span> <span class='ocrx_word' id='word_1_79' title='bbox 675 1299 748 1356; x_wconf 92' lang='lat' dir='ltr'><strong>illius</strong></span> <span class='ocrx_word' id='word_1_80' title='bbox 781 1299 881 1374; x_wconf 88' lang='lat' dir='ltr'><strong>flagitii</strong></span> <span class='ocrx_word' id='word_1_81' title='bbox 913 1316 974 1355; x_wconf 90' lang='lat' dir='ltr'><strong>rem</strong></span> <span class='ocrx_word' id='word_1_82' title='bbox 1009 1297 1146 1356; x_wconf 88' lang='lat' dir='ltr'><strong>manifes-</strong></span> 
     </span>
     <span class='ocr_line' id='line_1_12' title="bbox 204 1395 1144 1472; baseline 0 -17"><span class='ocrx_word' id='word_1_83' title='bbox 204 1408 265 1455; x_wconf 89' lang='lat' dir='ltr'><strong>tam</strong></span> <span class='ocrx_word' id='word_1_84' title='bbox 302 1395 380 1452; x_wconf 89' lang='lat' dir='ltr'><strong>illam</strong></span> <span class='ocrx_word' id='word_1_85' title='bbox 414 1396 594 1472; x_wconf 87' lang='lat' dir='ltr'><strong>redemptam</strong></span> <span class='ocrx_word' id='word_1_86' title='bbox 629 1415 692 1455; x_wconf 89' lang='lat' dir='ltr'><strong>esse</strong></span> <span class='ocrx_word' id='word_1_87' title='bbox 728 1415 745 1455; x_wconf 89' lang='lat' dir='ltr'><strong>a</strong></span> <span class='ocrx_word' id='word_1_88' title='bbox 782 1396 924 1454; x_wconf 90' lang='lat' dir='ltr'><strong>iudicibus</strong></span> <span class='ocrx_word' id='word_1_89' title='bbox 956 1395 1130 1454; x_wconf 85' lang='lat' dir='ltr'><strong>confitentur</strong></span> <span class='ocrx_word' id='word_1_90' title='bbox 1137 1415 1144 1468; x_wconf 89' lang='lat'>;</span> 
     </span>
     <span class='ocr_line' id='line_1_13' title="bbox 206 1494 1145 1571; baseline -0.002 -18"><span class='ocrx_word' id='word_1_91' title='bbox 206 1494 317 1554; x_wconf 87' lang='lat' dir='ltr'><strong>accedit</strong></span> <span class='ocrx_word' id='word_1_92' title='bbox 338 1494 415 1564; x_wconf 93' lang='lat' dir='ltr'><strong>illud,</strong></span> <span class='ocrx_word' id='word_1_93' title='bbox 431 1496 511 1571; x_wconf 91' lang='lat' dir='ltr'><strong>quod</strong></span> <span class='ocrx_word' id='word_1_94' title='bbox 531 1495 578 1552; x_wconf 89' lang='lat' dir='ltr'><strong>illa</strong></span> <span class='ocrx_word' id='word_1_95' title='bbox 600 1495 773 1553; x_wconf 88' lang='lat' dir='ltr'><strong>contionalis</strong></span> <span class='ocrx_word' id='word_1_96' title='bbox 792 1494 895 1553; x_wconf 89' lang='lat' dir='ltr'><strong>hirudo</strong></span> <span class='ocrx_word' id='word_1_97' title='bbox 917 1495 1024 1564; x_wconf 85' lang='lat' dir='ltr'><strong>aerarii,</strong></span> <span class='ocrx_word' id='word_1_98' title='bbox 1041 1496 1145 1553; x_wconf 85' lang='lat' dir='ltr'><strong>misera</strong></span> 
     </span>
     <span class='ocr_line' id='line_1_14' title="bbox 206 1593 1143 1669; baseline -0.002 -17"><span class='ocrx_word' id='word_1_99' title='bbox 206 1612 240 1652; x_wconf 91' lang='lat' dir='ltr'><strong>ac</strong></span> <span class='ocrx_word' id='word_1_100' title='bbox 267 1593 363 1652; x_wconf 86' lang='lat' dir='ltr'><strong>ieiuna</strong></span> <span class='ocrx_word' id='word_1_101' title='bbox 391 1593 550 1668; x_wconf 83' lang='lat' dir='ltr'>plebecula,</span> <span class='ocrx_word' id='word_1_102' title='bbox 580 1612 628 1651; x_wconf 93' lang='lat' dir='ltr'><strong>me</strong></span> <span class='ocrx_word' id='word_1_103' title='bbox 661 1593 698 1652; x_wconf 89' lang='lat' dir='ltr'><strong>ab</strong></span> <span class='ocrx_word' id='word_1_104' title='bbox 725 1593 781 1652; x_wconf 93' lang='lat' dir='ltr'><strong>hoc</strong></span> <span class='ocrx_word' id='word_1_105' title='bbox 810 1593 922 1669; x_wconf 89' lang='lat' dir='ltr'><strong>Magno</strong></span> <span class='ocrx_word' id='word_1_106' title='bbox 951 1593 1035 1651; x_wconf 91' lang='lat' dir='ltr'><strong>unice</strong></span> <span class='ocrx_word' id='word_1_107' title='bbox 1068 1593 1143 1669; x_wconf 88' lang='lat' dir='ltr'><strong>diligi</strong></span> 
     </span>
     <span class='ocr_line' id='line_1_15' title="bbox 205 1690 1144 1768; baseline -0.002 -19"><span class='ocrx_word' id='word_1_108' title='bbox 205 1699 292 1768; x_wconf 88' lang='lat' dir='ltr'><strong>putat,</strong></span> <span class='ocrx_word' id='word_1_109' title='bbox 309 1699 336 1749; x_wconf 87' lang='lat' dir='ltr'><strong>et</strong></span> <span class='ocrx_word' id='word_1_110' title='bbox 350 1690 465 1749; x_wconf 89' lang='lat' dir='ltr'><strong>hercule</strong></span> <span class='ocrx_word' id='word_1_111' title='bbox 478 1692 569 1748; x_wconf 89' lang='lat' dir='ltr'><strong>multa</strong></span> <span class='ocrx_word' id='word_1_112' title='bbox 583 1701 611 1750; x_wconf 91' lang='lat' dir='ltr'><strong>et</strong></span> <span class='ocrx_word' id='word_1_113' title='bbox 625 1692 750 1750; x_wconf 91' lang='lat' dir='ltr'><strong>iucunda</strong></span> <span class='ocrx_word' id='word_1_114' title='bbox 767 1692 976 1750; x_wconf 90' lang='lat' dir='ltr'><strong>consuetudine</strong></span> <span class='ocrx_word' id='word_1_115' title='bbox 997 1691 1144 1749; x_wconf 89' lang='lat' dir='ltr'><strong>coniuncti</strong></span> 
     </span>
     <span class='ocr_line' id='line_1_16' title="bbox 204 1790 1142 1866; baseline 0.001 -20"><span class='ocrx_word' id='word_1_116' title='bbox 204 1790 353 1848; x_wconf 89' lang='lat' dir='ltr'><strong>internos</strong></span> <span class='ocrx_word' id='word_1_117' title='bbox 376 1807 485 1860; x_wconf 91' lang='lat' dir='ltr'><strong>sumus,</strong></span> <span class='ocrx_word' id='word_1_118' title='bbox 510 1808 601 1866; x_wconf 92' lang='lat' dir='ltr'><strong>usque</strong></span> <span class='ocrx_word' id='word_1_119' title='bbox 631 1808 676 1861; x_wconf 90' lang='lat' dir='ltr'><strong>e0,</strong></span> <span class='ocrx_word' id='word_1_120' title='bbox 705 1799 736 1848; x_wconf 91' lang='lat' dir='ltr'><strong>ut</strong></span> <span class='ocrx_word' id='word_1_121' title='bbox 760 1791 850 1849; x_wconf 90' lang='lat' dir='ltr'><strong>nostri</strong></span> <span class='ocrx_word' id='word_1_122' title='bbox 873 1790 919 1848; x_wconf 89' lang='lat' dir='ltr'><strong>isti</strong></span> <span class='ocrx_word' id='word_1_123' title='bbox 942 1790 1142 1849; x_wconf 85' lang='lat' dir='ltr'><strong>comissatores</strong></span> 
     </span>
     <span class='ocr_line' id='line_1_17' title="bbox 205 1887 1141 1959; baseline -0.001 -13"><span class='ocrx_word' id='word_1_124' title='bbox 205 1887 419 1957; x_wconf 88' lang='lat' dir='ltr'><strong>coniurationis,</strong></span> <span class='ocrx_word' id='word_1_125' title='bbox 435 1888 574 1946; x_wconf 85' lang='lat' dir='ltr'><strong>barbatuli</strong></span> <span class='ocrx_word' id='word_1_126' title='bbox 596 1889 721 1959; x_wconf 90' lang='lat' dir='ltr'><strong>iuvenes,</strong></span> <span class='ocrx_word' id='word_1_127' title='bbox 737 1889 816 1947; x_wconf 90' lang='lat' dir='ltr'><strong>illum</strong></span> <span class='ocrx_word' id='word_1_128' title='bbox 839 1889 868 1946; x_wconf 90' lang='lat' dir='ltr'><strong>in</strong></span> <span class='ocrx_word' id='word_1_129' title='bbox 890 1889 1073 1947; x_wconf 87' lang='lat' dir='ltr'><strong>sermonibus</strong></span> <span class='ocrx_word' id='word_1_130' title='bbox 1091 1887 1141 1946; x_wconf 91' lang='lat' dir='ltr'><strong>Cn.</strong></span> 
     </span>
     <span class='ocr_line' id='line_1_18' title="bbox 205 1984 1142 2062; baseline 0.001 -19"><span class='ocrx_word' id='word_1_131' title='bbox 205 1984 378 2044; x_wconf 88' lang='lat' dir='ltr'><strong>Ciceronem</strong></span> <span class='ocrx_word' id='word_1_132' title='bbox 407 1985 569 2061; x_wconf 81' lang='lat' dir='ltr'><strong>appellant3</strong></span> <span class='ocrx_word' id='word_1_133' title='bbox 602 1987 697 2062; x_wconf 90' lang='lat' dir='ltr'><strong>itaque</strong></span> <span class='ocrx_word' id='word_1_134' title='bbox 726 1997 754 2044; x_wconf 89' lang='lat' dir='ltr'><strong>et</strong></span> <span class='ocrx_word' id='word_1_135' title='bbox 781 1987 855 2044; x_wconf 91' lang='lat' dir='ltr'><strong>ludis</strong></span> <span class='ocrx_word' id='word_1_136' title='bbox 883 1997 911 2045; x_wconf 89' lang='lat' dir='ltr'><strong>et</strong></span> <span class='ocrx_word' id='word_1_137' title='bbox 938 1987 1142 2062; x_wconf 84' lang='lat' dir='ltr'><strong>gladiatoribus</strong></span> 
     </span>
     <span class='ocr_line' id='line_1_19' title="bbox 205 2083 1140 2161; baseline 0 -19"><span class='ocrx_word' id='word_1_138' title='bbox 205 2083 353 2143; x_wconf 88' lang='lat' dir='ltr'><strong>mirandas</strong></span> <span class='ocrx_word' id='word_1_139' title='bbox 372 2085 541 2156; x_wconf 73' lang='grc' dir='ltr'>ἐπισημασίας</span> <span class='ocrx_word' id='word_1_140' title='bbox 560 2086 622 2144; x_wconf 91' lang='lat' dir='ltr'><strong>sine</strong></span> <span class='ocrx_word' id='word_1_141' title='bbox 642 2085 701 2143; x_wconf 89' lang='lat' dir='ltr'><strong>ulla</strong></span> <span class='ocrx_word' id='word_1_142' title='bbox 714 2085 869 2161; x_wconf 90' lang='lat' dir='ltr'><strong>pastoricia</strong></span> <span class='ocrx_word' id='word_1_143' title='bbox 882 2085 977 2144; x_wconf 87' lang='lat' dir='ltr'><strong>fistula</strong></span> <span class='ocrx_word' id='word_1_144' title='bbox 998 2085 1140 2144; x_wconf 81' lang='lat' dir='ltr'><strong>aufereba-</strong></span> 
     </span>
     <span class='ocr_line' id='line_1_20' title="bbox 205 2182 1140 2261; baseline -0.002 -19"><span class='ocrx_word' id='word_1_145' title='bbox 205 2202 280 2242; x_wconf 81' lang='lat' dir='ltr'><strong>mus,</strong></span> <span class='ocrx_word' id='word_1_146' title='bbox 324 2202 370 2243; x_wconf 85' lang='lat'><strong>12.</strong></span> <span class='ocrx_word' id='word_1_147' title='bbox 400 2182 487 2241; x_wconf 87' lang='lat' dir='ltr'><strong>Nunc</strong></span> <span class='ocrx_word' id='word_1_148' title='bbox 514 2193 558 2244; x_wconf 90' lang='lat' dir='ltr'><strong>est</strong></span> <span class='ocrx_word' id='word_1_149' title='bbox 585 2185 762 2261; x_wconf 86' lang='lat' dir='ltr'><strong>exspectatio</strong></span> <span class='ocrx_word' id='word_1_150' title='bbox 791 2184 984 2255; x_wconf 91' lang='lat' dir='ltr'><strong>comitiorum,</strong></span> <span class='ocrx_word' id='word_1_151' title='bbox 1012 2185 1041 2240; x_wconf 94' lang='lat' dir='ltr'><strong>in</strong></span> <span class='ocrx_word' id='word_1_152' title='bbox 1069 2201 1140 2260; x_wconf 87' lang='lat' dir='ltr'><strong>quae</strong></span> 
     </span>
     <span class='ocr_line' id='line_1_21' title="bbox 206 2280 1139 2357; baseline -0.003 -17"><span class='ocrx_word' id='word_1_153' title='bbox 206 2282 341 2342; x_wconf 89' lang='lat' dir='ltr'><strong>omnibus</strong></span> <span class='ocrx_word' id='word_1_154' title='bbox 355 2282 449 2341; x_wconf 91' lang='lat' dir='ltr'><strong>invitis</strong></span> <span class='ocrx_word' id='word_1_155' title='bbox 464 2282 552 2340; x_wconf 89' lang='lat' dir='ltr'><strong>trudit</strong></span> <span class='ocrx_word' id='word_1_156' title='bbox 564 2291 662 2341; x_wconf 89' lang='lat' dir='ltr'><strong>noster</strong></span> <span class='ocrx_word' id='word_1_157' title='bbox 677 2282 804 2357; x_wconf 89' lang='lat' dir='ltr'><strong>Magnus</strong></span> <span class='ocrx_word' id='word_1_158' title='bbox 818 2280 886 2338; x_wconf 84' lang='lat' dir='ltr'><strong>Auli</strong></span> <span class='ocrx_word' id='word_1_159' title='bbox 900 2281 998 2352; x_wconf 90' lang='lat' dir='ltr'><strong>filium,</strong></span> <span class='ocrx_word' id='word_1_160' title='bbox 1013 2289 1098 2356; x_wconf 88' lang='lat' dir='ltr'><strong>atque</strong></span> <span class='ocrx_word' id='word_1_161' title='bbox 1112 2282 1139 2338; x_wconf 91' lang='lat' dir='ltr'><strong>in</strong></span> 
     </span>
     <span class='ocr_line' id='line_1_22' title="bbox 205 2379 1138 2457; baseline -0.003 -19"><span class='ocrx_word' id='word_1_162' title='bbox 205 2399 241 2438; x_wconf 89' lang='lat' dir='ltr'><strong>eo</strong></span> <span class='ocrx_word' id='word_1_163' title='bbox 265 2399 361 2457; x_wconf 90' lang='lat' dir='ltr'><strong>neque</strong></span> <span class='ocrx_word' id='word_1_164' title='bbox 388 2381 556 2440; x_wconf 88' lang='lat' dir='ltr'><strong>auctoritate</strong></span> <span class='ocrx_word' id='word_1_165' title='bbox 584 2399 679 2456; x_wconf 92' lang='lat' dir='ltr'><strong>neque</strong></span> <span class='ocrx_word' id='word_1_166' title='bbox 703 2379 795 2455; x_wconf 89' lang='lat' dir='ltr'><strong>gratia</strong></span> <span class='ocrx_word' id='word_1_167' title='bbox 817 2389 936 2455; x_wconf 86' lang='lat' dir='ltr'><strong>pugnat,</strong></span> <span class='ocrx_word' id='word_1_168' title='bbox 963 2379 1015 2437; x_wconf 90' lang='lat' dir='ltr'><strong>sed</strong></span> <span class='ocrx_word' id='word_1_169' title='bbox 1039 2379 1138 2454; x_wconf 91' lang='lat' dir='ltr'><strong>quibus</strong></span> 
     </span>
     <span class='ocr_line' id='line_1_23' title="bbox 205 2473 1138 2557; baseline 0.001 -24"><span class='ocrx_word' id='word_1_170' title='bbox 205 2476 353 2554; x_wconf 87' lang='lat' dir='ltr'><strong>Philippus</strong></span> <span class='ocrx_word' id='word_1_171' title='bbox 368 2479 466 2536; x_wconf 90' lang='lat' dir='ltr'><strong>omnia</strong></span> <span class='ocrx_word' id='word_1_172' title='bbox 477 2478 592 2538; x_wconf 89' lang='lat' dir='ltr'><strong>castella</strong></span> <span class='ocrx_word' id='word_1_173' title='bbox 606 2478 766 2555; x_wconf 80' lang='lat' dir='ltr'><strong>expugnari</strong></span> <span class='ocrx_word' id='word_1_174' title='bbox 779 2496 866 2553; x_wconf 90' lang='lat' dir='ltr'><strong>posse</strong></span> <span class='ocrx_word' id='word_1_175' title='bbox 881 2477 995 2536; x_wconf 90' lang='lat' dir='ltr'><strong>dicebat</strong></span> <span class='ocrx_word' id='word_1_176' title='bbox 1012 2473 1054 2557; x_wconf 90' lang='lat' dir='ltr'><strong>[in</strong></span> <span class='ocrx_word' id='word_1_177' title='bbox 1068 2493 1138 2552; x_wconf 89' lang='lat' dir='ltr'><strong>quae</strong></span> 
     </span>
     <span class='ocr_line' id='line_1_24' title="bbox 205 2571 1136 2655; baseline 0.001 -25"><span class='ocrx_word' id='word_1_178' title='bbox 205 2574 295 2631; x_wconf 91' lang='lat' dir='ltr'><strong>modo</strong></span> <span class='ocrx_word' id='word_1_179' title='bbox 318 2575 422 2633; x_wconf 88' lang='lat' dir='ltr'><strong>asellus</strong></span> <span class='ocrx_word' id='word_1_180' title='bbox 447 2586 569 2635; x_wconf 92' lang='lat' dir='ltr'><strong>onustus</strong></span> <span class='ocrx_word' id='word_1_181' title='bbox 595 2593 667 2634; x_wconf 88' lang='lat' dir='ltr'><strong>auro</strong></span> <span class='ocrx_word' id='word_1_182' title='bbox 692 2584 790 2651; x_wconf 91' lang='lat' dir='ltr'><strong>posset</strong></span> <span class='ocrx_word' id='word_1_183' title='bbox 818 2571 1008 2655; x_wconf 87' lang='lat' dir='ltr'><strong>ascendere];</strong></span> <span class='ocrx_word' id='word_1_184' title='bbox 1041 2574 1136 2634; x_wconf 91' lang='lat' dir='ltr'><strong>consul</strong></span> 
     </span>
     <span class='ocr_line' id='line_1_25' title="bbox 205 2670 1136 2750; baseline 0.002 -21"><span class='ocrx_word' id='word_1_185' title='bbox 205 2679 302 2729; x_wconf 89' lang='lat' dir='ltr'><strong>autem</strong></span> <span class='ocrx_word' id='word_1_186' title='bbox 315 2670 362 2729; x_wconf 94' lang='lat' dir='ltr'><strong>ille</strong></span> <span class='ocrx_word' id='word_1_187' title='bbox 376 2671 523 2732; x_wconf 88' lang='lat' dir='ltr'><strong>deterioris</strong></span> <span class='ocrx_word' id='word_1_188' title='bbox 537 2673 682 2732; x_wconf 92' lang='lat' dir='ltr'><strong>histrionis</strong></span> <span class='ocrx_word' id='word_1_189' title='bbox 697 2673 794 2731; x_wconf 84' lang='lat' dir='ltr'><strong>similis</strong></span> <span class='ocrx_word' id='word_1_190' title='bbox 810 2675 973 2749; x_wconf 90' lang='lat' dir='ltr'><strong>suscepisse</strong></span> <span class='ocrx_word' id='word_1_191' title='bbox 993 2674 1136 2750; x_wconf 85' lang='lat' dir='ltr'><strong>negotium</strong></span> 
     </span>
     <span class='ocr_line' id='line_1_26' title="bbox 206 2768 1135 2849; baseline 0 -22"><span class='ocrx_word' id='word_1_192' title='bbox 206 2768 308 2828; x_wconf 93' lang='lat' dir='ltr'><strong>dicitur</strong></span> <span class='ocrx_word' id='word_1_193' title='bbox 322 2777 350 2827; x_wconf 91' lang='lat' dir='ltr'><strong>et</strong></span> <span class='ocrx_word' id='word_1_194' title='bbox 375 2769 456 2828; x_wconf 92' lang='lat' dir='ltr'><strong>domi</strong></span> <span class='ocrx_word' id='word_1_195' title='bbox 482 2771 619 2831; x_wconf 87' lang='lat' dir='ltr'><strong>divisores</strong></span> <span class='ocrx_word' id='word_1_196' title='bbox 642 2771 766 2844; x_wconf 87' lang='lat' dir='ltr'><strong>habere;</strong></span> <span class='ocrx_word' id='word_1_197' title='bbox 789 2773 869 2848; x_wconf 93' lang='lat' dir='ltr'><strong>quod</strong></span> <span class='ocrx_word' id='word_1_198' title='bbox 886 2790 943 2849; x_wconf 90' lang='lat' dir='ltr'><strong>ego</strong></span> <span class='ocrx_word' id='word_1_199' title='bbox 965 2789 1025 2830; x_wconf 92' lang='lat' dir='ltr'><strong>non</strong></span> <span class='ocrx_word' id='word_1_200' title='bbox 1047 2771 1135 2830; x_wconf 91' lang='lat' dir='ltr'><strong>credo.</strong></span> 
     </span>
     <span class='ocr_line' id='line_1_27' title="bbox 207 2864 1135 2946; baseline 0.001 -22"><span class='ocrx_word' id='word_1_201' title='bbox 207 2864 265 2924; x_wconf 90' lang='lat' dir='ltr'><strong>Sed</strong></span> <span class='ocrx_word' id='word_1_202' title='bbox 280 2876 396 2926; x_wconf 89' lang='lat' dir='ltr'><strong>senatus</strong></span> <span class='ocrx_word' id='word_1_203' title='bbox 410 2869 543 2928; x_wconf 91' lang='lat' dir='ltr'><strong>consulta</strong></span> <span class='ocrx_word' id='word_1_204' title='bbox 558 2869 617 2928; x_wconf 92' lang='lat' dir='ltr'><strong>duo</strong></span> <span class='ocrx_word' id='word_1_205' title='bbox 632 2870 690 2928; x_wconf 91' lang='lat' dir='ltr'><strong>iam</strong></span> <span class='ocrx_word' id='word_1_206' title='bbox 708 2869 784 2928; x_wconf 86' lang='lat' dir='ltr'><strong>facta</strong></span> <span class='ocrx_word' id='word_1_207' title='bbox 804 2879 871 2928; x_wconf 92' lang='lat' dir='ltr'><strong>sunt</strong></span> <span class='ocrx_word' id='word_1_208' title='bbox 896 2870 1006 2940; x_wconf 89' lang='lat' dir='ltr'><strong>odiosa,</strong></span> <span class='ocrx_word' id='word_1_209' title='bbox 1021 2870 1096 2946; x_wconf 93' lang='lat' dir='ltr'><strong>quod</strong></span> <span class='ocrx_word' id='word_1_210' title='bbox 1109 2870 1135 2926; x_wconf 88' lang='lat' dir='ltr'><strong>in</strong></span> 
     </span>
     <span class='ocr_line' id='line_1_28' title="bbox 207 2964 1134 3044; baseline 0.004 -24"><span class='ocrx_word' id='word_1_211' title='bbox 207 2964 357 3023; x_wconf 90' lang='lat' dir='ltr'><strong>consulem</strong></span> <span class='ocrx_word' id='word_1_212' title='bbox 380 2964 455 3023; x_wconf 86' lang='lat' dir='ltr'><strong>facta</strong></span> <span class='ocrx_word' id='word_1_213' title='bbox 474 2977 618 3044; x_wconf 89' lang='lat' dir='ltr'><strong>putantur,</strong></span> <span class='ocrx_word' id='word_1_214' title='bbox 640 2966 754 3026; x_wconf 89' lang='lat' dir='ltr'><strong>Catone</strong></span> <span class='ocrx_word' id='word_1_215' title='bbox 776 2978 804 3027; x_wconf 91' lang='lat' dir='ltr'><strong>et</strong></span> <span class='ocrx_word' id='word_1_216' title='bbox 820 2967 950 3027; x_wconf 91' lang='lat' dir='ltr'><strong>Domitio</strong></span> <span class='ocrx_word' id='word_1_217' title='bbox 970 2967 1134 3044; x_wconf 91' lang='lat' dir='ltr'><strong>postulante,</strong></span> 
     </span>
     <span class='ocr_line' id='line_1_29' title="bbox 205 3063 1135 3143; baseline 0.004 -25"><span class='ocrx_word' id='word_1_218' title='bbox 205 3079 306 3133; x_wconf 90' lang='lat' dir='ltr'><strong>unum,</strong></span> <span class='ocrx_word' id='word_1_219' title='bbox 321 3070 353 3120; x_wconf 93' lang='lat' dir='ltr'><strong>ut</strong></span> <span class='ocrx_word' id='word_1_220' title='bbox 374 3063 453 3140; x_wconf 88' lang='lat' dir='ltr'><strong>apud</strong></span> <span class='ocrx_word' id='word_1_221' title='bbox 473 3065 659 3140; x_wconf 83' lang='lat' dir='ltr'><strong>magistratus</strong></span> <span class='ocrx_word' id='word_1_222' title='bbox 679 3066 783 3143; x_wconf 86' lang='lat' dir='ltr'><strong>inquiri</strong></span> <span class='ocrx_word' id='word_1_223' title='bbox 799 3066 905 3138; x_wconf 89' lang='lat' dir='ltr'><strong>liceret,</strong></span> <span class='ocrx_word' id='word_1_224' title='bbox 919 3067 1048 3137; x_wconf 89' lang='lat' dir='ltr'><strong>alterum,</strong></span> <span class='ocrx_word' id='word_1_225' title='bbox 1062 3065 1135 3124; x_wconf 91' lang='lat' dir='ltr'><strong>cuius</strong></span> 
     </span>
     <span class='ocr_line' id='line_1_30' title="bbox 206 3150 1133 3241; baseline 0.002 -24"><span class='ocrx_word' id='word_1_226' title='bbox 206 3158 286 3219; x_wconf 91' lang='lat' dir='ltr'><strong>domi</strong></span> <span class='ocrx_word' id='word_1_227' title='bbox 309 3161 447 3221; x_wconf 87' lang='lat' dir='ltr'><strong>divisores</strong></span> <span class='ocrx_word' id='word_1_228' title='bbox 469 3161 638 3235; x_wconf 89' lang='lat' dir='ltr'><strong>habitarent,</strong></span> <span class='ocrx_word' id='word_1_229' title='bbox 655 3150 794 3224; x_wconf 81' lang='lat' dir='ltr'><strong>adversus</strong></span> <span class='ocrx_word' id='word_1_230' title='bbox 816 3183 877 3223; x_wconf 90' lang='lat' dir='ltr'><strong>rem</strong></span> <span class='ocrx_word' id='word_1_231' title='bbox 901 3164 1053 3241; x_wconf 89' lang='lat' dir='ltr'><strong>publicam.</strong></span> <span class='ocrx_word' id='word_1_232' title='bbox 1093 3181 1133 3237; x_wconf 80' lang='lat'><strong>13.</strong></span> 
     </span>
     <span class='ocr_line' id='line_1_31' title="bbox 206 3255 1133 3339; baseline 0.005 -24"><span class='ocrx_word' id='word_1_233' title='bbox 206 3255 302 3317; x_wconf 88' lang='lat' dir='ltr'><strong>Lurco</strong></span> <span class='ocrx_word' id='word_1_234' title='bbox 316 3271 412 3319; x_wconf 87' lang='lat' dir='ltr'><strong>autem</strong></span> <span class='ocrx_word' id='word_1_235' title='bbox 426 3261 554 3322; x_wconf 91' lang='lat' dir='ltr'><strong>tribunus</strong></span> <span class='ocrx_word' id='word_1_236' title='bbox 568 3264 616 3339; x_wconf 86' lang='lat' dir='ltr'><strong>pl,</strong></span> <span class='ocrx_word' id='word_1_237' title='bbox 628 3264 677 3339; x_wconf 92' lang='lat' dir='ltr'><strong>qui</strong></span> <span class='ocrx_word' id='word_1_238' title='bbox 691 3264 889 3339; x_wconf 89' lang='lat' dir='ltr'><strong>magistratum</strong></span> <span class='ocrx_word' id='word_1_239' title='bbox 903 3262 988 3322; x_wconf 91' lang='lat' dir='ltr'><strong>simul</strong></span> <span class='ocrx_word' id='word_1_240' title='bbox 1002 3279 1065 3320; x_wconf 89' lang='lat' dir='ltr'><strong>cum</strong></span> <span class='ocrx_word' id='word_1_241' title='bbox 1075 3262 1133 3338; x_wconf 89' lang='lat' dir='ltr'><strong>lege</strong></span> 
     </span>
     <span class='ocr_line' id='line_1_32' title="bbox 205 3353 1132 3435; baseline 0.004 -22"><span class='ocrx_word' id='word_1_242' title='bbox 205 3353 288 3414; x_wconf 83' lang='lat' dir='ltr'><strong>Aelia</strong></span> <span class='ocrx_word' id='word_1_243' title='bbox 309 3356 379 3430; x_wconf 89' lang='lat' dir='ltr'><strong>iniit,</strong></span> <span class='ocrx_word' id='word_1_244' title='bbox 404 3358 514 3419; x_wconf 88' lang='lat' dir='ltr'><strong>solutus</strong></span> <span class='ocrx_word' id='word_1_245' title='bbox 538 3369 634 3418; x_wconf 88' lang='lat' dir='ltr'><strong>estet</strong></span> <span class='ocrx_word' id='word_1_246' title='bbox 658 3360 740 3418; x_wconf 89' lang='lat' dir='ltr'><strong>Aelia</strong></span> <span class='ocrx_word' id='word_1_247' title='bbox 761 3370 792 3418; x_wconf 92' lang='lat' dir='ltr'><strong>et</strong></span> <span class='ocrx_word' id='word_1_248' title='bbox 816 3359 906 3432; x_wconf 85' lang='lat' dir='ltr'><strong>Fufia,</strong></span> <span class='ocrx_word' id='word_1_249' title='bbox 932 3369 963 3418; x_wconf 93' lang='lat' dir='ltr'><strong>ut</strong></span> <span class='ocrx_word' id='word_1_250' title='bbox 986 3359 1076 3435; x_wconf 90' lang='lat' dir='ltr'><strong>legem</strong></span> <span class='ocrx_word' id='word_1_251' title='bbox 1100 3358 1132 3417; x_wconf 91' lang='lat' dir='ltr'><strong>de</strong></span> 
     </span>
     <span class='ocr_line' id='line_1_33' title="bbox 205 3455 1131 3538; baseline 0.001 -23"><span class='ocrx_word' id='word_1_252' title='bbox 205 3455 315 3517; x_wconf 87' lang='lat' dir='ltr'><strong>ambitu</strong></span> <span class='ocrx_word' id='word_1_253' title='bbox 329 3455 420 3531; x_wconf 77' lang='lat' dir='ltr'><strong>ferret,</strong></span> <span class='ocrx_word' id='word_1_254' title='bbox 449 3475 537 3536; x_wconf 88' lang='lat' dir='ltr'><strong>quam</strong></span> <span class='ocrx_word' id='word_1_255' title='bbox 565 3457 611 3518; x_wconf 90' lang='lat' dir='ltr'><strong>ille</strong></span> <span class='ocrx_word' id='word_1_256' title='bbox 639 3459 719 3517; x_wconf 92' lang='lat' dir='ltr'><strong>hono</strong></span> <span class='ocrx_word' id='word_1_257' title='bbox 747 3459 877 3538; x_wconf 83' lang='lat' dir='ltr'><strong>auspicio</strong></span> <span class='ocrx_word' id='word_1_258' title='bbox 905 3457 1025 3518; x_wconf 88' lang='lat' dir='ltr'><strong>claudus</strong></span> <span class='ocrx_word' id='word_1_259' title='bbox 1048 3457 1131 3516; x_wconf 90' lang='lat' dir='ltr'><strong>homo</strong></span> 
     </span>
    </p>
   </div>
   <div class='ocr_carea' id='block_1_3' title="bbox 0 0 1220 3844">
    <p class='ocr_par' dir='ltr' id='par_1_3' title="bbox 0 0 1220 3844">
     <span class='ocr_line' id='line_1_34' title="bbox 0 0 1220 3844; baseline 0 1"><span class='ocrx_word' id='word_1_260' title='bbox 0 0 1220 3844; x_wconf 95' lang='lat' dir='ltr'><strong> </strong></span> 
     </span>
    </p>
   </div>
  </div>
 </body>
</html>
