2432 3844
209 219 252 305 36
489 230 528 279 Μ.
551 228 671 277 ruram
692 228 882 278 crcrnonrs
1058 213 1128 298 [Pars
1141 230 1158 276 r.

210 391 340 469 potuisse
359 389 432 448 diei:
454 389 482 447 ei
499 397 528 446 te
546 387 604 448 hoc
623 387 747 447 scribere
766 405 784 446 a
804 405 852 448 me
872 387 924 446 tibi
944 404 1010 446 esse
1031 388 1159 446 missum

212 504 283 546 sane
297 487 373 546 volo.
418 505 445 545 a.
468 485 528 545 Sed
541 485 610 562 quid
625 496 656 544 tu
671 487 799 545 scribas?
814 503 902 562 quem
916 485 975 544 iam
989 503 1046 563 ego
1057 485 1158 544 venire

212 595 299 662 atque
323 585 426 644 adesse
450 584 587 657 arbitror;
610 584 650 643 ita
670 584 749 642 enim
770 583 817 660 egi
838 592 935 643 tecum
956 583 1157 659 superioribus

213 684 319 742 litteris.
361 684 456 743 Valde
484 692 512 742 te
540 692 686 759 exspecto,
708 680 790 740 valde
815 681 957 752 desidero,
978 699 1076 758 neque
1098 698 1157 756 ego

212 783 314 858 magis,
329 801 418 859 quam
431 783 495 858 ipsa
508 800 555 841 res
571 791 599 840 et
616 791 731 858 tempus
750 781 853 857 poscit.
896 780 953 839 His
972 780 1009 839 de
1028 779 1157 855 negotiis

214 881 284 959 quid
305 883 430 940 scribam
451 881 489 940 ad
509 890 546 951 te,
567 880 623 938 nisi
643 879 730 952 idem,
751 879 834 955 quod
857 879 965 955 saepe?
987 879 1156 955 republica

214 981 284 1039 nihil
296 981 482 1057 desperatius,
493 979 535 1050 iis,
545 995 669 1054 quorum
680 996 777 1054 opera,
786 977 857 1036 nihil
866 979 975 1036 maiore
987 977 1057 1036 odio
1070 998 1077 1034 ι
1091 995 1154 1046 nos,

214 1091 244 1137 ut
266 1079 367 1156 opinio
388 1087 418 1138 et
441 1095 508 1152 spes
533 1086 562 1134 et
586 1077 751 1135 coniectura
774 1084 874 1134 nostra
901 1074 963 1146 fert,
990 1075 1155 1133 firmissima

214 1175 415 1235 benevolentia
436 1174 588 1233 hominum
612 1173 715 1232 muniti
738 1191 846 1232 sumus.
888 1172 955 1246 Qua
979 1191 1010 1231 re
1034 1173 1152 1232 advola:

215 1285 263 1332 aut
277 1273 415 1349 expedies
430 1290 485 1332 nos
500 1272 582 1331 omni
596 1273 727 1332 molestia
745 1280 795 1330 aut
813 1271 868 1330 eris
886 1272 1041 1348 particeps.
1083 1270 1153 1329 Ideo

216 1390 282 1430 sum
296 1371 416 1443 brevior,
425 1372 513 1448 quod,
526 1380 557 1431 ut
571 1389 666 1448 spere,
677 1389 776 1430 coram
790 1370 870 1429 brevi
880 1380 1012 1449 tempore
1024 1369 1153 1431 conferre

216 1488 290 1546 quae
305 1469 438 1528 volumus
451 1470 556 1530 licebit.
598 1469 676 1529 Cura
689 1479 722 1529 ut
734 1469 840 1528 valeas.

346 1654 390 1714 15.
430 1641 487 1699 AD
509 1638 710 1712 QUINTUM
731 1637 933 1698 FRATREM
954 1639 978 1699 1.
996 1658 1022 1698 a.

406 1746 471 1808 Sca.
493 1755 586 1806 mansu
607 1745 775 1818 Novmrnnr,
797 1755 880 1806 mum.
903 1747 972 1823 695.

494 1868 610 1914 mancus
629 1873 739 1922 oum‘ro
760 1873 873 1913 ranam.

262 1981 285 2018 1.
313 1960 439 2020 Sramus
459 1960 497 2019 ad
514 1979 563 2019 me
576 1961 653 2019 venit
672 1979 697 2019 a.
714 1960 816 2018 d.v111.
832 1959 1045 2020 K.Novembr.
1087 1961 1150 2018 Eius

218 2059 365 2132 adventus,
380 2059 460 2136 quod
472 2059 512 2118 ita
529 2059 676 2136 scripsisti,
691 2060 835 2136 direptum
848 2059 882 2119 iri
896 2069 923 2118 te
939 2077 957 2117 a
970 2060 1033 2131 tuis,
1050 2059 1149 2118 dumis

219 2161 340 2232 abesset,
357 2159 496 2218 molestus
514 2157 585 2216 mihi
604 2157 672 2230 fuit3
696 2158 776 2235 quod
794 2167 891 2216 autem
911 2159 1150 2234 exspectationem

219 2260 263 2316 sui
286 2275 517 2333 concursumque
538 2274 615 2327 eum,
637 2256 687 2332 qui
711 2265 772 2314 erat
795 2253 916 2325 futurus,
939 2255 962 2312 si
982 2272 1041 2314 una
1062 2265 1150 2314 tecum

173 2395 179 2406 ι
220 2357 372 2416 decederet
391 2374 486 2433 neque
508 2364 593 2414 antea
613 2355 689 2413 visus
710 2363 794 2424 esset,
815 2353 934 2425 sustulit,
955 2353 984 2412 id
1004 2355 1076 2412 mihi
1097 2371 1151 2413 non

219 2455 407 2514 incommode
434 2454 527 2514 visum
556 2462 599 2511 est
627 2451 781 2510 accidisse:
818 2450 975 2510 exhaustus
1008 2462 1053 2510 est
1080 2453 1151 2511 enim

220 2568 316 2609 sermo
330 2549 483 2609 hominum
498 2558 526 2608 et
539 2549 646 2608 multae
666 2548 789 2607 emissae
806 2548 864 2606 iam
884 2550 944 2608 eius
963 2550 1045 2608 modi
1063 2567 1151 2622 voces,

221 2650 279 2703 ἀλλ’
301 2651 351 2704 αἰεί
370 2671 425 2703 τινα
445 2653 520 2718 φῶτα
540 2649 629 2724 μέγαν·
646 2665 721 2722 quae
745 2657 773 2705 te
798 2647 917 2705 absente
940 2646 1074 2706 confecta
1096 2665 1153 2708 esse

220 2748 318 2806 laetor.
363 2765 388 2804 2.
409 2744 498 2817 Quod
512 2756 609 2805 autem
623 2745 730 2805 idcirco
744 2764 762 2804 a
775 2755 803 2804 te
818 2747 923 2805 missus
937 2757 989 2818 est,
1000 2747 1070 2805 mihi
1084 2758 1114 2806 ut
1127 2766 1154 2806 se

222 2855 365 2923 purgaret,
377 2845 407 2904 id
420 2863 540 2904 necesse
554 2846 673 2904 minime
687 2844 756 2903 fuit:
770 2845 896 2922 primum
911 2846 988 2903 enim
1000 2864 1153 2923 numquam

222 2944 269 3002 ille
283 2943 352 3002 mihi
366 2942 419 3002 suit
434 2953 593 3020 suspectus
605 2962 700 3021 neque
711 2961 776 3020 ego,
791 2961 865 3021 quae
877 2942 914 3002 ad
925 2954 953 3002 te
965 2943 1001 3002 de
1013 2943 1061 3003 illo
1073 2937 1154 3021 scrip-

224 3042 256 3111 si,
271 3041 372 3117 scripsi
393 3059 460 3100 meo
481 3041 595 3113 iudici0,
617 3043 669 3102 sed
689 3061 757 3100 cum
778 3042 851 3100 ratio
873 3041 1008 3119 salusque
1029 3043 1153 3102 omnium

223 3150 363 3212 nostrum,
377 3139 427 3215 qui
449 3140 487 3199 ad
510 3158 572 3199 rem
595 3141 743 3217 publicam
767 3140 939 3211 accedimus,
961 3157 1022 3198 non
1045 3141 1153 3199 veritate

224 3238 326 3310 solum,
342 3240 393 3299 sed
410 3239 497 3298 etiam
515 3239 592 3298 sama
611 3241 756 3311 niteretur,
771 3257 920 3299 sennones
939 3240 977 3298 ad
993 3249 1022 3298 te
1041 3239 1154 3299 aliorum

224 3356 347 3415 semper,
368 3356 429 3397 non
453 3356 519 3397 mea
541 3339 645 3398 iudicia
668 3338 839 3415 perscripsi3
861 3339 911 3414 qui
935 3338 1054 3414 quidem
1074 3357 1154 3415 quam

224 3437 389 3514 frequentes
416 3447 514 3496 essent
535 3447 563 3496 et
586 3454 675 3513 quam
697 3454 807 3512 graves,
830 3437 954 3497 adventu
978 3455 1033 3497 suo
1055 3437 1152 3498 Statius
