<?xml version="1.0" encoding="UTF-8"?>
<!DOCTYPE html PUBLIC "-//W3C//DTD XHTML 1.0 Transitional//EN"
    "http://www.w3.org/TR/xhtml1/DTD/xhtml1-transitional.dtd">
<html xmlns="http://www.w3.org/1999/xhtml" xml:lang="en" lang="en">
 <head>
  <title>
</title>
<meta http-equiv="Content-Type" content="text/html;charset=utf-8" />
  <meta name='ocr-system' content='tesseract 3.04.00' />
  <meta name='ocr-capabilities' content='ocr_page ocr_carea ocr_par ocr_line ocrx_word'/>
</head>
<body>
  <div class='ocr_page' id='page_1' title='image "./epistolaeselect00watsgoog/epistolaeselect00watsgoog_0078.png"; bbox 0 0 2432 3844; ppageno 0'>
   <div class='ocr_carea' id='block_1_1' title="bbox 54 221 1009 304">
    <p class='ocr_par' dir='ltr' id='par_1_1' title="bbox 54 221 1009 304">
     <span class='ocr_line' id='line_1_1' title="bbox 54 221 1009 304; baseline 0.003 -22"><span class='ocrx_word' id='word_1_1' title='bbox 54 238 109 298; x_wconf 77' lang='lat' dir='ltr'><strong>sp.</strong></span> <span class='ocrx_word' id='word_1_2' title='bbox 133 221 186 304; x_wconf 66' lang='lat' dir='ltr'><strong>n]</strong></span> <span class='ocrx_word' id='word_1_3' title='bbox 290 234 405 286; x_wconf 66' lang='lat' dir='ltr'><strong>nerse.</strong></span> <span class='ocrx_word' id='word_1_4' title='bbox 428 236 477 283; x_wconf 74' lang='lat' dir='ltr'><strong>nn</strong></span> <span class='ocrx_word' id='word_1_5' title='bbox 498 235 721 284; x_wconf 70' lang='lat' dir='ltr'><strong>murnianus</strong></span> <span class='ocrx_word' id='word_1_6' title='bbox 739 238 762 283; x_wconf 93' lang='lat'><strong>1.</strong></span> <span class='ocrx_word' id='word_1_7' title='bbox 790 241 817 285; x_wconf 92' lang='lat'><strong>1.</strong></span> <span class='ocrx_word' id='word_1_8' title='bbox 969 233 1009 303; x_wconf 87' lang='lat'><strong>57</strong></span> 
     </span>
    </p>
   </div>
   <div class='ocr_carea' id='block_1_2' title="bbox 53 393 1009 454">
    <p class='ocr_par' dir='ltr' id='par_1_2' title="bbox 53 393 1009 454">
     <span class='ocr_line' id='line_1_2' title="bbox 53 393 1009 454; baseline -0.003 -3"><span class='ocrx_word' id='word_1_9' title='bbox 53 395 171 452; x_wconf 86' lang='lat' dir='ltr'><strong>ceteris</strong></span> <span class='ocrx_word' id='word_1_10' title='bbox 184 396 214 452; x_wconf 91' lang='lat' dir='ltr'><strong>in</strong></span> <span class='ocrx_word' id='word_1_11' title='bbox 228 396 314 454; x_wconf 89' lang='lat' dir='ltr'><strong>rebus</strong></span> <span class='ocrx_word' id='word_1_12' title='bbox 329 413 359 454; x_wconf 92' lang='lat' dir='ltr'><strong>se</strong></span> <span class='ocrx_word' id='word_1_13' title='bbox 374 395 545 453; x_wconf 87' lang='lat' dir='ltr'><strong>acerrimum</strong></span> <span class='ocrx_word' id='word_1_14' title='bbox 556 395 596 452; x_wconf 92' lang='lat' dir='ltr'><strong>tui</strong></span> <span class='ocrx_word' id='word_1_15' title='bbox 607 394 791 454; x_wconf 82' lang='lat' dir='ltr'>defensorem</span> <span class='ocrx_word' id='word_1_16' title='bbox 802 394 863 452; x_wconf 86' lang='lat' dir='ltr'><strong>lore</strong></span> <span class='ocrx_word' id='word_1_17' title='bbox 874 393 1009 452; x_wconf 90' lang='lat' dir='ltr'>ostendit.</span> 
     </span>
    </p>
   </div>
   <div class='ocr_carea' id='block_1_3' title="bbox 53 492 1010 755">
    <p class='ocr_par' dir='ltr' id='par_1_3' title="bbox 53 492 1010 755">
     <span class='ocr_line' id='line_1_3' title="bbox 53 492 1010 571; baseline -0.002 -21"><span class='ocrx_word' id='word_1_18' title='bbox 53 493 160 565; x_wconf 89' lang='lat' dir='ltr'><strong>Quod</strong></span> <span class='ocrx_word' id='word_1_19' title='bbox 180 494 238 564; x_wconf 91' lang='lat' dir='ltr'><strong>dat,</strong></span> <span class='ocrx_word' id='word_1_20' title='bbox 259 494 435 570; x_wconf 86' lang='lat' dir='ltr'><strong>accipimus:</strong></span> <span class='ocrx_word' id='word_1_21' title='bbox 456 495 537 571; x_wconf 92' lang='lat' dir='ltr'><strong>quod</strong></span> <span class='ocrx_word' id='word_1_22' title='bbox 557 495 677 552; x_wconf 87' lang='lat' dir='ltr'><strong>instituit</strong></span> <span class='ocrx_word' id='word_1_23' title='bbox 694 493 799 552; x_wconf 80' lang='lat' dir='ltr'><strong>referre</strong></span> <span class='ocrx_word' id='word_1_24' title='bbox 817 492 854 550; x_wconf 95' lang='lat' dir='ltr'><strong>de</strong></span> <span class='ocrx_word' id='word_1_25' title='bbox 872 492 1010 567; x_wconf 85' lang='lat' dir='ltr'><strong>religione</strong></span> 
     </span>
     <span class='ocr_line' id='line_1_4' title="bbox 53 586 1010 664; baseline -0.003 -18"><span class='ocrx_word' id='word_1_26' title='bbox 53 599 91 646; x_wconf 90' lang='lat' dir='ltr'><strong>et</strong></span> <span class='ocrx_word' id='word_1_27' title='bbox 118 607 205 664; x_wconf 84' lang='lat' dir='ltr'>saepe</span> <span class='ocrx_word' id='word_1_28' title='bbox 227 589 284 646; x_wconf 89' lang='lat' dir='ltr'><strong>iam</strong></span> <span class='ocrx_word' id='word_1_29' title='bbox 306 588 406 660; x_wconf 87' lang='lat' dir='ltr'><strong>retulit,</strong></span> <span class='ocrx_word' id='word_1_30' title='bbox 429 590 523 646; x_wconf 90' lang='lat' dir='ltr'><strong>abeo</strong></span> <span class='ocrx_word' id='word_1_31' title='bbox 545 589 648 647; x_wconf 89' lang='lat' dir='ltr'><strong>deduci</strong></span> <span class='ocrx_word' id='word_1_32' title='bbox 670 605 732 645; x_wconf 90' lang='lat' dir='ltr'><strong>non</strong></span> <span class='ocrx_word' id='word_1_33' title='bbox 751 597 857 663; x_wconf 89' lang='lat' dir='ltr'><strong>potest.</strong></span> <span class='ocrx_word' id='word_1_34' title='bbox 900 606 926 661; x_wconf 83' lang='lat'><strong>3.</strong></span> <span class='ocrx_word' id='word_1_35' title='bbox 949 586 1010 644; x_wconf 91' lang='lat' dir='ltr'><strong>Res</strong></span> 
     </span>
     <span class='ocr_line' id='line_1_5' title="bbox 54 677 1009 755; baseline -0.004 -15"><span class='ocrx_word' id='word_1_36' title='bbox 54 693 135 740; x_wconf 89' lang='lat' dir='ltr'><strong>ante</strong></span> <span class='ocrx_word' id='word_1_37' title='bbox 149 683 219 742; x_wconf 90' lang='lat' dir='ltr'><strong>Idus</strong></span> <span class='ocrx_word' id='word_1_38' title='bbox 239 693 304 741; x_wconf 89' lang='lat' dir='ltr'><strong>acta</strong></span> <span class='ocrx_word' id='word_1_39' title='bbox 326 684 367 742; x_wconf 89' lang='lat' dir='ltr'><strong>sic</strong></span> <span class='ocrx_word' id='word_1_40' title='bbox 383 693 426 742; x_wconf 91' lang='lat' dir='ltr'><strong>est</strong></span> <span class='ocrx_word' id='word_1_41' title='bbox 436 702 556 754; x_wconf 82' lang='lat' dir='ltr'><strong>3-nam</strong></span> <span class='ocrx_word' id='word_1_42' title='bbox 576 683 648 741; x_wconf 92' lang='lat' dir='ltr'><strong>haec</strong></span> <span class='ocrx_word' id='word_1_43' title='bbox 662 677 763 742; x_wconf 84' lang='lat' dir='ltr'><strong>Idibus</strong></span> <span class='ocrx_word' id='word_1_44' title='bbox 784 699 870 739; x_wconf 93' lang='lat' dir='ltr'><strong>mane</strong></span> <span class='ocrx_word' id='word_1_45' title='bbox 890 681 1009 755; x_wconf 85' lang='lat' dir='ltr'><strong>scripsi:</strong></span> 
     </span>
    </p>
   </div>
   <div class='ocr_carea' id='block_1_4' title="bbox 53 778 1009 3509">
    <p class='ocr_par' dir='ltr' id='par_1_4' title="bbox 53 778 1009 3509">
     <span class='ocr_line' id='line_1_6' title="bbox 53 778 1009 854; baseline -0.005 -14"><span class='ocrx_word' id='word_1_46' title='bbox 53 782 264 840; x_wconf 88' lang='lat' dir='ltr'><strong>-Hortensii</strong></span> <span class='ocrx_word' id='word_1_47' title='bbox 286 792 315 841; x_wconf 89' lang='lat' dir='ltr'><strong>et</strong></span> <span class='ocrx_word' id='word_1_48' title='bbox 338 801 404 840; x_wconf 92' lang='lat' dir='ltr'><strong>mea</strong></span> <span class='ocrx_word' id='word_1_49' title='bbox 426 792 454 841; x_wconf 94' lang='lat' dir='ltr'><strong>et</strong></span> <span class='ocrx_word' id='word_1_50' title='bbox 475 782 587 840; x_wconf 88' lang='lat' dir='ltr'><strong>Luculli</strong></span> <span class='ocrx_word' id='word_1_51' title='bbox 615 783 757 845; x_wconf 89' lang='lat' dir='ltr'><strong>sententia</strong></span> <span class='ocrx_word' id='word_1_52' title='bbox 781 780 858 854; x_wconf 89' lang='lat' dir='ltr'><strong>cedit</strong></span> <span class='ocrx_word' id='word_1_53' title='bbox 878 778 1009 854; x_wconf 85' lang='lat' dir='ltr'><strong>religioni</strong></span> 
     </span>
     <span class='ocr_line' id='line_1_7' title="bbox 55 878 1009 956; baseline -0.006 -16"><span class='ocrx_word' id='word_1_54' title='bbox 55 883 101 940; x_wconf 91' lang='lat' dir='ltr'><strong>de</strong></span> <span class='ocrx_word' id='word_1_55' title='bbox 124 881 382 940; x_wconf 86' lang='lat' dir='ltr'><strong>exercitu—teneri</strong></span> <span class='ocrx_word' id='word_1_56' title='bbox 402 881 481 939; x_wconf 91' lang='lat' dir='ltr'><strong>enim</strong></span> <span class='ocrx_word' id='word_1_57' title='bbox 502 900 548 940; x_wconf 89' lang='lat' dir='ltr'><strong>res</strong></span> <span class='ocrx_word' id='word_1_58' title='bbox 566 882 646 939; x_wconf 87' lang='lat' dir='ltr'><strong>aliter</strong></span> <span class='ocrx_word' id='word_1_59' title='bbox 664 899 725 939; x_wconf 91' lang='lat' dir='ltr'><strong>non</strong></span> <span class='ocrx_word' id='word_1_60' title='bbox 745 888 890 956; x_wconf 81' lang='lat' dir='ltr'><strong>potest-,</strong></span> <span class='ocrx_word' id='word_1_61' title='bbox 906 878 958 936; x_wconf 93' lang='lat' dir='ltr'><strong>sed</strong></span> <span class='ocrx_word' id='word_1_62' title='bbox 972 895 1009 935; x_wconf 88' lang='lat' dir='ltr'><strong>ex</strong></span> 
     </span>
     <span class='ocr_line' id='line_1_8' title="bbox 54 976 1009 1056; baseline -0.005 -19"><span class='ocrx_word' id='word_1_63' title='bbox 54 981 115 1038; x_wconf 93' lang='lat' dir='ltr'><strong>illo</strong></span> <span class='ocrx_word' id='word_1_64' title='bbox 137 979 417 1050; x_wconf 88' lang='lat' dir='ltr'><strong>senatusconsulto,</strong></span> <span class='ocrx_word' id='word_1_65' title='bbox 442 980 522 1056; x_wconf 91' lang='lat' dir='ltr'><strong>quod</strong></span> <span class='ocrx_word' id='word_1_66' title='bbox 543 989 572 1038; x_wconf 93' lang='lat' dir='ltr'><strong>te</strong></span> <span class='ocrx_word' id='word_1_67' title='bbox 592 980 732 1038; x_wconf 87' lang='lat' dir='ltr'><strong>referente</strong></span> <span class='ocrx_word' id='word_1_68' title='bbox 753 978 863 1036; x_wconf 90' lang='lat' dir='ltr'><strong>iactum</strong></span> <span class='ocrx_word' id='word_1_69' title='bbox 884 986 936 1045; x_wconf 91' lang='lat' dir='ltr'><strong>est,</strong></span> <span class='ocrx_word' id='word_1_70' title='bbox 958 976 1009 1033; x_wconf 91' lang='lat' dir='ltr'><strong>tibi</strong></span> 
     </span>
     <span class='ocr_line' id='line_1_9' title="bbox 55 1074 1009 1155; baseline -0.007 -18"><span class='ocrx_word' id='word_1_71' title='bbox 55 1079 204 1148; x_wconf 89' lang='lat' dir='ltr'><strong>decernit,</strong></span> <span class='ocrx_word' id='word_1_72' title='bbox 225 1088 258 1136; x_wconf 95' lang='lat' dir='ltr'><strong>ut</strong></span> <span class='ocrx_word' id='word_1_73' title='bbox 276 1097 377 1154; x_wconf 89' lang='lat' dir='ltr'><strong>regem</strong></span> <span class='ocrx_word' id='word_1_74' title='bbox 394 1079 523 1150; x_wconf 89' lang='lat' dir='ltr'><strong>reducas,</strong></span> <span class='ocrx_word' id='word_1_75' title='bbox 538 1079 620 1155; x_wconf 91' lang='lat' dir='ltr'><strong>quod</strong></span> <span class='ocrx_word' id='word_1_76' title='bbox 638 1078 797 1137; x_wconf 91' lang='lat' dir='ltr'><strong>commodo</strong></span> <span class='ocrx_word' id='word_1_77' title='bbox 818 1074 1009 1152; x_wconf 89' lang='lat' dir='ltr'><strong>reipublicae</strong></span> 
     </span>
     <span class='ocr_line' id='line_1_10' title="bbox 56 1151 1009 1255; baseline 0 -22"><span class='ocrx_word' id='word_1_78' title='bbox 56 1177 162 1236; x_wconf 87' lang='lat' dir='ltr'><strong>facere</strong></span> <span class='ocrx_word' id='word_1_79' title='bbox 190 1179 303 1254; x_wconf 90' lang='lat' dir='ltr'><strong>possis;</strong></span> <span class='ocrx_word' id='word_1_80' title='bbox 331 1188 363 1236; x_wconf 87' lang='lat' dir='ltr'><strong>ut</strong></span> <span class='ocrx_word' id='word_1_81' title='bbox 385 1180 542 1237; x_wconf 89' lang='lat' dir='ltr'><strong>exercitum</strong></span> <span class='ocrx_word' id='word_1_82' title='bbox 569 1151 669 1255; x_wconf 76' lang='lat' dir='ltr'><strong>religio</strong></span> <span class='ocrx_word' id='word_1_83' title='bbox 694 1157 783 1250; x_wconf 67' lang='lat' dir='ltr'><strong>t&#39;ollat,</strong></span> <span class='ocrx_word' id='word_1_84' title='bbox 807 1189 837 1238; x_wconf 92' lang='lat' dir='ltr'><strong>te</strong></span> <span class='ocrx_word' id='word_1_85' title='bbox 861 1177 1009 1237; x_wconf 82' lang='lat' dir='ltr'><strong>auctorem</strong></span> 
     </span>
     <span class='ocr_line' id='line_1_11' title="bbox 56 1277 1009 1355; baseline -0.001 -20"><span class='ocrx_word' id='word_1_86' title='bbox 56 1287 185 1335; x_wconf 88' lang='lat' dir='ltr'><strong>senatus</strong></span> <span class='ocrx_word' id='word_1_87' title='bbox 219 1278 347 1336; x_wconf 90' lang='lat' dir='ltr'><strong>retineat.</strong></span> <span class='ocrx_word' id='word_1_88' title='bbox 400 1277 523 1337; x_wconf 86' lang='lat' dir='ltr'><strong>Crassus</strong></span> <span class='ocrx_word' id='word_1_89' title='bbox 554 1288 612 1338; x_wconf 92' lang='lat' dir='ltr'><strong>tres</strong></span> <span class='ocrx_word' id='word_1_90' title='bbox 641 1279 753 1355; x_wconf 88' lang='lat' dir='ltr'><strong>legatos</strong></span> <span class='ocrx_word' id='word_1_91' title='bbox 788 1280 924 1351; x_wconf 88' lang='lat' dir='ltr'><strong>decernit,</strong></span> <span class='ocrx_word' id='word_1_92' title='bbox 954 1295 1009 1336; x_wconf 89' lang='lat' dir='ltr'><strong>nec</strong></span> 
     </span>
     <span class='ocr_line' id='line_1_12' title="bbox 57 1376 1008 1455; baseline -0.001 -20"><span class='ocrx_word' id='word_1_93' title='bbox 57 1376 194 1435; x_wconf 87' lang='lat' dir='ltr'><strong>excludit</strong></span> <span class='ocrx_word' id='word_1_94' title='bbox 213 1376 404 1453; x_wconf 90' lang='lat' dir='ltr'><strong>Pompeium;</strong></span> <span class='ocrx_word' id='word_1_95' title='bbox 427 1387 526 1435; x_wconf 91' lang='lat' dir='ltr'><strong>censet</strong></span> <span class='ocrx_word' id='word_1_96' title='bbox 543 1379 620 1435; x_wconf 91' lang='lat' dir='ltr'><strong>enim</strong></span> <span class='ocrx_word' id='word_1_97' title='bbox 642 1380 729 1437; x_wconf 89' lang='lat' dir='ltr'><strong>etiam</strong></span> <span class='ocrx_word' id='word_1_98' title='bbox 748 1398 785 1436; x_wconf 89' lang='lat' dir='ltr'><strong>ex</strong></span> <span class='ocrx_word' id='word_1_99' title='bbox 806 1379 848 1450; x_wconf 91' lang='lat' dir='ltr'><strong>iis,</strong></span> <span class='ocrx_word' id='word_1_100' title='bbox 869 1380 918 1455; x_wconf 90' lang='lat' dir='ltr'><strong>qui</strong></span> <span class='ocrx_word' id='word_1_101' title='bbox 941 1396 1008 1436; x_wconf 92' lang='lat' dir='ltr'><strong>cum</strong></span> 
     </span>
     <span class='ocr_line' id='line_1_13' title="bbox 56 1473 1007 1554; baseline -0.001 -20"><span class='ocrx_word' id='word_1_102' title='bbox 56 1476 190 1552; x_wconf 89' lang='lat' dir='ltr'><strong>imperio</strong></span> <span class='ocrx_word' id='word_1_103' title='bbox 204 1477 277 1547; x_wconf 92' lang='lat' dir='ltr'><strong>sint;</strong></span> <span class='ocrx_word' id='word_1_104' title='bbox 300 1473 421 1534; x_wconf 93' lang='lat' dir='ltr'><strong>Bibulus</strong></span> <span class='ocrx_word' id='word_1_105' title='bbox 435 1485 492 1534; x_wconf 88' lang='lat' dir='ltr'><strong>tres</strong></span> <span class='ocrx_word' id='word_1_106' title='bbox 506 1476 627 1552; x_wconf 88' lang='lat' dir='ltr'><strong>legatos,</strong></span> <span class='ocrx_word' id='word_1_107' title='bbox 643 1495 679 1534; x_wconf 89' lang='lat' dir='ltr'><strong>ex</strong></span> <span class='ocrx_word' id='word_1_108' title='bbox 694 1479 737 1548; x_wconf 92' lang='lat' dir='ltr'><strong>iis,</strong></span> <span class='ocrx_word' id='word_1_109' title='bbox 752 1478 802 1552; x_wconf 93' lang='lat' dir='ltr'><strong>qui</strong></span> <span class='ocrx_word' id='word_1_110' title='bbox 816 1479 917 1554; x_wconf 89' lang='lat' dir='ltr'><strong>privati</strong></span> <span class='ocrx_word' id='word_1_111' title='bbox 932 1488 1007 1536; x_wconf 92' lang='lat' dir='ltr'><strong>sunt.</strong></span> 
     </span>
     <span class='ocr_line' id='line_1_14' title="bbox 58 1574 1008 1652; baseline 0.001 -20"><span class='ocrx_word' id='word_1_112' title='bbox 58 1575 146 1633; x_wconf 91' lang='lat' dir='ltr'><strong>Huic</strong></span> <span class='ocrx_word' id='word_1_113' title='bbox 175 1574 374 1632; x_wconf 87' lang='lat' dir='ltr'><strong>adsentiuntur</strong></span> <span class='ocrx_word' id='word_1_114' title='bbox 395 1574 497 1650; x_wconf 90' lang='lat' dir='ltr'><strong>reliqui</strong></span> <span class='ocrx_word' id='word_1_115' title='bbox 517 1577 685 1635; x_wconf 87' lang='lat' dir='ltr'><strong>consulares</strong></span> <span class='ocrx_word' id='word_1_116' title='bbox 706 1586 819 1652; x_wconf 89' lang='lat' dir='ltr'><strong>praeter</strong></span> <span class='ocrx_word' id='word_1_117' title='bbox 848 1576 1008 1646; x_wconf 90' lang='lat' dir='ltr'><strong>Servilium,</strong></span> 
     </span>
     <span class='ocr_line' id='line_1_15' title="bbox 58 1673 1007 1751; baseline 0 -19"><span class='ocrx_word' id='word_1_118' title='bbox 58 1675 114 1750; x_wconf 92' lang='lat' dir='ltr'><strong>qui</strong></span> <span class='ocrx_word' id='word_1_119' title='bbox 144 1673 266 1732; x_wconf 90' lang='lat' dir='ltr'><strong>omnino</strong></span> <span class='ocrx_word' id='word_1_120' title='bbox 294 1673 392 1732; x_wconf 88' lang='lat' dir='ltr'><strong>reduci</strong></span> <span class='ocrx_word' id='word_1_121' title='bbox 421 1685 510 1750; x_wconf 91' lang='lat' dir='ltr'><strong>negat</strong></span> <span class='ocrx_word' id='word_1_122' title='bbox 538 1685 679 1751; x_wconf 91' lang='lat' dir='ltr'><strong>oportere,</strong></span> <span class='ocrx_word' id='word_1_123' title='bbox 701 1685 730 1734; x_wconf 93' lang='lat' dir='ltr'><strong>et</strong></span> <span class='ocrx_word' id='word_1_124' title='bbox 753 1674 928 1746; x_wconf 86' lang='lat' dir='ltr'><strong>Volcatium,</strong></span> <span class='ocrx_word' id='word_1_125' title='bbox 949 1676 1007 1751; x_wconf 91' lang='lat' dir='ltr'><strong>qui,</strong></span> 
     </span>
     <span class='ocr_line' id='line_1_16' title="bbox 59 1770 1009 1850; baseline 0 -19"><span class='ocrx_word' id='word_1_126' title='bbox 59 1774 153 1849; x_wconf 92' lang='lat' dir='ltr'><strong>Lupo</strong></span> <span class='ocrx_word' id='word_1_127' title='bbox 171 1772 320 1843; x_wconf 80' lang='lat' dir='ltr'><strong>referente,</strong></span> <span class='ocrx_word' id='word_1_128' title='bbox 341 1770 482 1848; x_wconf 91' lang='lat' dir='ltr'><strong>Pompeio</strong></span> <span class='ocrx_word' id='word_1_129' title='bbox 499 1774 634 1844; x_wconf 90' lang='lat' dir='ltr'><strong>decernit,</strong></span> <span class='ocrx_word' id='word_1_130' title='bbox 657 1784 685 1832; x_wconf 95' lang='lat' dir='ltr'><strong>et</strong></span> <span class='ocrx_word' id='word_1_131' title='bbox 705 1773 865 1844; x_wconf 81' lang='lat' dir='ltr'><strong>Afranium,</strong></span> <span class='ocrx_word' id='word_1_132' title='bbox 887 1775 937 1850; x_wconf 92' lang='lat' dir='ltr'><strong>qui</strong></span> <span class='ocrx_word' id='word_1_133' title='bbox 958 1774 1009 1832; x_wconf 87' lang='lat' dir='ltr'><strong>ad-</strong></span> 
     </span>
     <span class='ocr_line' id='line_1_17' title="bbox 60 1871 1008 1948; baseline -0.001 -18"><span class='ocrx_word' id='word_1_134' title='bbox 60 1872 188 1930; x_wconf 87' lang='lat' dir='ltr'><strong>sentitur</strong></span> <span class='ocrx_word' id='word_1_135' title='bbox 203 1871 346 1930; x_wconf 85' lang='lat' dir='ltr'><strong>Volcati0.</strong></span> <span class='ocrx_word' id='word_1_136' title='bbox 388 1871 473 1943; x_wconf 88' lang='lat' dir='ltr'><strong>Quae</strong></span> <span class='ocrx_word' id='word_1_137' title='bbox 494 1891 540 1930; x_wconf 90' lang='lat' dir='ltr'><strong>res</strong></span> <span class='ocrx_word' id='word_1_138' title='bbox 562 1883 648 1948; x_wconf 89' lang='lat' dir='ltr'><strong>auget</strong></span> <span class='ocrx_word' id='word_1_139' title='bbox 668 1873 857 1948; x_wconf 90' lang='lat' dir='ltr'><strong>suspitionem</strong></span> <span class='ocrx_word' id='word_1_140' title='bbox 876 1873 1008 1948; x_wconf 91' lang='lat' dir='ltr'><strong>Pompeii</strong></span> 
     </span>
     <span class='ocr_line' id='line_1_18' title="bbox 59 1970 1008 2046; baseline 0.002 -19"><span class='ocrx_word' id='word_1_141' title='bbox 59 1971 229 2041; x_wconf 73' lang='lat' dir='ltr'><strong>voluntatis</strong></span> <span class='ocrx_word' id='word_1_142' title='bbox 248 1970 529 2029; x_wconf 83' lang='lat' dir='ltr'><strong>animadvertebatur</strong></span> <span class='ocrx_word' id='word_1_143' title='bbox 548 1971 681 2046; x_wconf 89' lang='lat' dir='ltr'><strong>Pompeii</strong></span> <span class='ocrx_word' id='word_1_144' title='bbox 698 1971 851 2030; x_wconf 89' lang='lat' dir='ltr'><strong>familiares</strong></span> <span class='ocrx_word' id='word_1_145' title='bbox 871 1973 1008 2030; x_wconf 88' lang='lat' dir='ltr'><strong>adsentiri</strong></span> 
     </span>
     <span class='ocr_line' id='line_1_19' title="bbox 59 2069 1007 2141; baseline 0.001 -16"><span class='ocrx_word' id='word_1_146' title='bbox 59 2069 210 2126; x_wconf 80' lang='lat' dir='ltr'><strong>Volcatio</strong></span> <span class='ocrx_word' id='word_1_147' title='bbox 262 2069 423 2126; x_wconf 87' lang='lat' dir='ltr'><strong>Laboratur</strong></span> <span class='ocrx_word' id='word_1_148' title='bbox 457 2070 660 2141; x_wconf 91' lang='lat' dir='ltr'><strong>vehementer;</strong></span> <span class='ocrx_word' id='word_1_149' title='bbox 696 2071 833 2127; x_wconf 90' lang='lat' dir='ltr'><strong>inclinata</strong></span> <span class='ocrx_word' id='word_1_150' title='bbox 865 2087 911 2127; x_wconf 92' lang='lat' dir='ltr'><strong>res</strong></span> <span class='ocrx_word' id='word_1_151' title='bbox 947 2080 1007 2127; x_wconf 88' lang='lat' dir='ltr'><strong>est:</strong></span> 
     </span>
     <span class='ocr_line' id='line_1_20' title="bbox 62 2167 1007 2243; baseline 0 -17"><span class='ocrx_word' id='word_1_152' title='bbox 62 2169 187 2226; x_wconf 93' lang='lat' dir='ltr'><strong>Libonis</strong></span> <span class='ocrx_word' id='word_1_153' title='bbox 207 2177 235 2224; x_wconf 90' lang='lat' dir='ltr'><strong>et</strong></span> <span class='ocrx_word' id='word_1_154' title='bbox 254 2167 386 2243; x_wconf 88' lang='lat' dir='ltr'><strong>Hypsaei</strong></span> <span class='ocrx_word' id='word_1_155' title='bbox 400 2186 461 2226; x_wconf 92' lang='lat' dir='ltr'><strong>non</strong></span> <span class='ocrx_word' id='word_1_156' title='bbox 475 2170 600 2226; x_wconf 91' lang='lat' dir='ltr'><strong>obscura</strong></span> <span class='ocrx_word' id='word_1_157' title='bbox 619 2169 801 2225; x_wconf 90' lang='lat' dir='ltr'><strong>concursatio</strong></span> <span class='ocrx_word' id='word_1_158' title='bbox 817 2176 846 2225; x_wconf 91' lang='lat' dir='ltr'><strong>et</strong></span> <span class='ocrx_word' id='word_1_159' title='bbox 860 2168 1007 2226; x_wconf 91' lang='lat' dir='ltr'><strong>contentio</strong></span> 
     </span>
     <span class='ocr_line' id='line_1_21' title="bbox 61 2265 1007 2342; baseline -0.004 -16"><span class='ocrx_word' id='word_1_160' title='bbox 61 2268 255 2341; x_wconf 89' lang='lat' dir='ltr'><strong>omniumque</strong></span> <span class='ocrx_word' id='word_1_161' title='bbox 274 2265 407 2342; x_wconf 91' lang='lat' dir='ltr'><strong>Pompeii</strong></span> <span class='ocrx_word' id='word_1_162' title='bbox 425 2265 606 2324; x_wconf 89' lang='lat' dir='ltr'><strong>familiarium</strong></span> <span class='ocrx_word' id='word_1_163' title='bbox 626 2267 751 2324; x_wconf 92' lang='lat' dir='ltr'><strong>studium</strong></span> <span class='ocrx_word' id='word_1_164' title='bbox 768 2267 798 2323; x_wconf 93' lang='lat' dir='ltr'><strong>in</strong></span> <span class='ocrx_word' id='word_1_165' title='bbox 813 2284 878 2323; x_wconf 89' lang='lat' dir='ltr'><strong>eam</strong></span> <span class='ocrx_word' id='word_1_166' title='bbox 893 2266 1007 2340; x_wconf 92' lang='lat' dir='ltr'><strong>opinio-</strong></span> 
     </span>
     <span class='ocr_line' id='line_1_22' title="bbox 60 2364 1008 2440; baseline -0.004 -16"><span class='ocrx_word' id='word_1_167' title='bbox 60 2384 133 2424; x_wconf 92' lang='lat' dir='ltr'><strong>nem</strong></span> <span class='ocrx_word' id='word_1_168' title='bbox 154 2383 216 2422; x_wconf 92' lang='lat' dir='ltr'><strong>rem</strong></span> <span class='ocrx_word' id='word_1_169' title='bbox 236 2365 425 2435; x_wconf 87' lang='lat' dir='ltr'><strong>adduxerunt,</strong></span> <span class='ocrx_word' id='word_1_170' title='bbox 447 2375 478 2423; x_wconf 92' lang='lat' dir='ltr'><strong>ut</strong></span> <span class='ocrx_word' id='word_1_171' title='bbox 499 2366 656 2439; x_wconf 93' lang='lat' dir='ltr'><strong>Pompeius</strong></span> <span class='ocrx_word' id='word_1_172' title='bbox 672 2382 777 2440; x_wconf 88' lang='lat' dir='ltr'><strong>cupere</strong></span> <span class='ocrx_word' id='word_1_173' title='bbox 795 2364 938 2435; x_wconf 90' lang='lat' dir='ltr'><strong>videatur;</strong></span> <span class='ocrx_word' id='word_1_174' title='bbox 961 2366 1008 2421; x_wconf 90' lang='lat' dir='ltr'><strong>cui</strong></span> 
     </span>
     <span class='ocr_line' id='line_1_23' title="bbox 60 2463 1006 2541; baseline -0.001 -20"><span class='ocrx_word' id='word_1_175' title='bbox 60 2465 113 2541; x_wconf 91' lang='lat' dir='ltr'><strong>qui</strong></span> <span class='ocrx_word' id='word_1_176' title='bbox 130 2464 242 2533; x_wconf 92' lang='lat' dir='ltr'><strong>nolunt,</strong></span> <span class='ocrx_word' id='word_1_177' title='bbox 256 2465 335 2521; x_wconf 93' lang='lat' dir='ltr'><strong>idem</strong></span> <span class='ocrx_word' id='word_1_178' title='bbox 349 2464 408 2534; x_wconf 91' lang='lat' dir='ltr'><strong>tibi,</strong></span> <span class='ocrx_word' id='word_1_179' title='bbox 426 2465 507 2539; x_wconf 90' lang='lat' dir='ltr'><strong>quod</strong></span> <span class='ocrx_word' id='word_1_180' title='bbox 526 2482 593 2521; x_wconf 92' lang='lat' dir='ltr'><strong>eum</strong></span> <span class='ocrx_word' id='word_1_181' title='bbox 613 2465 730 2534; x_wconf 88' lang='lat' dir='ltr'><strong>ornasti,</strong></span> <span class='ocrx_word' id='word_1_182' title='bbox 748 2481 810 2521; x_wconf 93' lang='lat' dir='ltr'><strong>non</strong></span> <span class='ocrx_word' id='word_1_183' title='bbox 827 2472 893 2521; x_wconf 93' lang='lat' dir='ltr'><strong>sunt</strong></span> <span class='ocrx_word' id='word_1_184' title='bbox 914 2463 1006 2521; x_wconf 89' lang='lat' dir='ltr'><strong>amici.</strong></span> 
     </span>
     <span class='ocr_line' id='line_1_24' title="bbox 61 2561 1006 2635; baseline 0 -15"><span class='ocrx_word' id='word_1_185' title='bbox 61 2585 91 2635; x_wconf 86' lang='lat'><strong>4.</strong></span> <span class='ocrx_word' id='word_1_186' title='bbox 125 2562 190 2620; x_wconf 92' lang='lat' dir='ltr'><strong>Nos</strong></span> <span class='ocrx_word' id='word_1_187' title='bbox 217 2565 248 2619; x_wconf 95' lang='lat' dir='ltr'><strong>in</strong></span> <span class='ocrx_word' id='word_1_188' title='bbox 276 2581 364 2620; x_wconf 87' lang='lat' dir='ltr'><strong>causa</strong></span> <span class='ocrx_word' id='word_1_189' title='bbox 391 2563 590 2624; x_wconf 87' lang='lat' dir='ltr'><strong>auctoritatem</strong></span> <span class='ocrx_word' id='word_1_190' title='bbox 618 2581 654 2621; x_wconf 93' lang='lat' dir='ltr'><strong>eo</strong></span> <span class='ocrx_word' id='word_1_191' title='bbox 681 2563 825 2620; x_wconf 92' lang='lat' dir='ltr'><strong>minorem</strong></span> <span class='ocrx_word' id='word_1_192' title='bbox 855 2561 1006 2633; x_wconf 70' lang='lat' dir='ltr'><strong>habemus</strong></span> 
     </span>
     <span class='ocr_line' id='line_1_25' title="bbox 62 2661 1008 2738; baseline -0.002 -18"><span class='ocrx_word' id='word_1_193' title='bbox 62 2661 145 2738; x_wconf 93' lang='lat' dir='ltr'><strong>quod</strong></span> <span class='ocrx_word' id='word_1_194' title='bbox 172 2661 223 2719; x_wconf 89' lang='lat' dir='ltr'><strong>tibi</strong></span> <span class='ocrx_word' id='word_1_195' title='bbox 248 2661 407 2733; x_wconf 89' lang='lat' dir='ltr'><strong>debemus;</strong></span> <span class='ocrx_word' id='word_1_196' title='bbox 432 2662 554 2737; x_wconf 83' lang='lat' dir='ltr'><strong>gratiam</strong></span> <span class='ocrx_word' id='word_1_197' title='bbox 576 2672 672 2720; x_wconf 87' lang='lat' dir='ltr'><strong>autem</strong></span> <span class='ocrx_word' id='word_1_198' title='bbox 694 2672 823 2720; x_wconf 89' lang='lat' dir='ltr'><strong>nostram</strong></span> <span class='ocrx_word' id='word_1_199' title='bbox 851 2662 1008 2736; x_wconf 86' lang='lat' dir='ltr'><strong>exstinguit</strong></span> 
     </span>
     <span class='ocr_line' id='line_1_26' title="bbox 62 2759 1007 2836; baseline 0 -18"><span class='ocrx_word' id='word_1_200' title='bbox 62 2761 218 2818; x_wconf 91' lang='lat' dir='ltr'><strong>hominum</strong></span> <span class='ocrx_word' id='word_1_201' title='bbox 246 2760 376 2834; x_wconf 91' lang='lat' dir='ltr'><strong>suspitio,</strong></span> <span class='ocrx_word' id='word_1_202' title='bbox 405 2760 486 2834; x_wconf 91' lang='lat' dir='ltr'><strong>quod</strong></span> <span class='ocrx_word' id='word_1_203' title='bbox 506 2759 648 2836; x_wconf 87' lang='lat' dir='ltr'><strong>Pompeio</strong></span> <span class='ocrx_word' id='word_1_204' title='bbox 670 2779 701 2819; x_wconf 87' lang='lat' dir='ltr'><strong>se</strong></span> <span class='ocrx_word' id='word_1_205' title='bbox 722 2760 874 2836; x_wconf 87' lang='lat' dir='ltr'><strong>gratificari</strong></span> <span class='ocrx_word' id='word_1_206' title='bbox 895 2770 1007 2835; x_wconf 91' lang='lat' dir='ltr'><strong>putant.</strong></span> 
     </span>
     <span class='ocr_line' id='line_1_27' title="bbox 63 2858 1008 2936; baseline 0 -19"><span class='ocrx_word' id='word_1_207' title='bbox 63 2858 105 2917; x_wconf 93' lang='lat' dir='ltr'><strong>Ut</strong></span> <span class='ocrx_word' id='word_1_208' title='bbox 120 2859 150 2915; x_wconf 91' lang='lat' dir='ltr'><strong>in</strong></span> <span class='ocrx_word' id='word_1_209' title='bbox 164 2860 250 2916; x_wconf 92' lang='lat' dir='ltr'><strong>rebus</strong></span> <span class='ocrx_word' id='word_1_210' title='bbox 269 2859 361 2917; x_wconf 91' lang='lat' dir='ltr'><strong>multo</strong></span> <span class='ocrx_word' id='word_1_211' title='bbox 381 2869 456 2931; x_wconf 87' lang='lat' dir='ltr'><strong>ante,</strong></span> <span class='ocrx_word' id='word_1_212' title='bbox 472 2876 560 2934; x_wconf 90' lang='lat' dir='ltr'><strong>quam</strong></span> <span class='ocrx_word' id='word_1_213' title='bbox 577 2859 724 2936; x_wconf 92' lang='lat' dir='ltr'><strong>profectus</strong></span> <span class='ocrx_word' id='word_1_214' title='bbox 738 2878 778 2930; x_wconf 76' lang='lat' dir='ltr'><strong>ea,</strong></span> <span class='ocrx_word' id='word_1_215' title='bbox 798 2862 835 2918; x_wconf 92' lang='lat' dir='ltr'><strong>ab</strong></span> <span class='ocrx_word' id='word_1_216' title='bbox 853 2861 919 2935; x_wconf 93' lang='lat' dir='ltr'><strong>ipso</strong></span> <span class='ocrx_word' id='word_1_217' title='bbox 941 2878 1008 2935; x_wconf 90' lang='lat' dir='ltr'><strong>rege</strong></span> 
     </span>
     <span class='ocr_line' id='line_1_28' title="bbox 64 2957 1009 3034; baseline -0.001 -18"><span class='ocrx_word' id='word_1_218' title='bbox 64 2967 94 3016; x_wconf 91' lang='lat' dir='ltr'><strong>et</strong></span> <span class='ocrx_word' id='word_1_219' title='bbox 122 2959 160 3015; x_wconf 89' lang='lat' dir='ltr'><strong>ab</strong></span> <span class='ocrx_word' id='word_1_220' title='bbox 188 2957 297 3015; x_wconf 90' lang='lat' dir='ltr'><strong>intimis</strong></span> <span class='ocrx_word' id='word_1_221' title='bbox 325 2976 358 3015; x_wconf 90' lang='lat' dir='ltr'><strong>ac</strong></span> <span class='ocrx_word' id='word_1_222' title='bbox 388 2957 556 3016; x_wconf 90' lang='lat' dir='ltr'><strong>domesticis</strong></span> <span class='ocrx_word' id='word_1_223' title='bbox 580 2958 712 3034; x_wconf 92' lang='lat' dir='ltr'><strong>Pompeii</strong></span> <span class='ocrx_word' id='word_1_224' title='bbox 733 2959 808 3016; x_wconf 89' lang='lat' dir='ltr'><strong>clam</strong></span> <span class='ocrx_word' id='word_1_225' title='bbox 830 2959 1009 3027; x_wconf 87' lang='lat' dir='ltr'><strong>exulceratis,</strong></span> 
     </span>
     <span class='ocr_line' id='line_1_29' title="bbox 65 3055 1008 3133; baseline -0.001 -17"><span class='ocrx_word' id='word_1_226' title='bbox 65 3055 181 3116; x_wconf 86' lang='lat' dir='ltr'><strong>deinde&#39;</strong></span> <span class='ocrx_word' id='word_1_227' title='bbox 195 3056 292 3131; x_wconf 89' lang='lat' dir='ltr'><strong>palam</strong></span> <span class='ocrx_word' id='word_1_228' title='bbox 313 3075 331 3113; x_wconf 90' lang='lat' dir='ltr'><strong>a</strong></span> <span class='ocrx_word' id='word_1_229' title='bbox 351 3056 551 3114; x_wconf 90' lang='lat' dir='ltr'><strong>consularibus</strong></span> <span class='ocrx_word' id='word_1_230' title='bbox 579 3058 730 3133; x_wconf 86' lang='lat' dir='ltr'><strong>exagitatis</strong></span> <span class='ocrx_word' id='word_1_231' title='bbox 759 3067 788 3115; x_wconf 92' lang='lat' dir='ltr'><strong>et</strong></span> <span class='ocrx_word' id='word_1_232' title='bbox 810 3058 841 3114; x_wconf 93' lang='lat' dir='ltr'><strong>in</strong></span> <span class='ocrx_word' id='word_1_233' title='bbox 863 3075 1008 3115; x_wconf 90' lang='lat' dir='ltr'><strong>summam</strong></span> 
     </span>
     <span class='ocr_line' id='line_1_30' title="bbox 65 3154 1008 3225; baseline -0.002 -11"><span class='ocrx_word' id='word_1_234' title='bbox 65 3154 202 3214; x_wconf 91' lang='lat' dir='ltr'><strong>invidiam</strong></span> <span class='ocrx_word' id='word_1_235' title='bbox 221 3154 361 3225; x_wconf 89' lang='lat' dir='ltr'><strong>adductis,</strong></span> <span class='ocrx_word' id='word_1_236' title='bbox 383 3156 423 3212; x_wconf 87' lang='lat' dir='ltr'><strong>ita</strong></span> <span class='ocrx_word' id='word_1_237' title='bbox 441 3155 598 3214; x_wconf 84' lang='lat' dir='ltr'><strong>versamur.</strong></span> <span class='ocrx_word' id='word_1_238' title='bbox 641 3155 779 3214; x_wconf 88' lang='lat' dir='ltr'><strong>Nostram</strong></span> <span class='ocrx_word' id='word_1_239' title='bbox 794 3155 882 3213; x_wconf 91' lang='lat' dir='ltr'><strong>fidem</strong></span> <span class='ocrx_word' id='word_1_240' title='bbox 896 3173 1008 3225; x_wconf 88' lang='lat' dir='ltr'><strong>omnes,</strong></span> 
     </span>
     <span class='ocr_line' id='line_1_31' title="bbox 66 3253 1008 3330; baseline -0.004 -16"><span class='ocrx_word' id='word_1_241' title='bbox 66 3271 196 3314; x_wconf 89' lang='lat' dir='ltr'><strong>amorem</strong></span> <span class='ocrx_word' id='word_1_242' title='bbox 210 3254 251 3311; x_wconf 91' lang='lat' dir='ltr'><strong>tui</strong></span> <span class='ocrx_word' id='word_1_243' title='bbox 266 3255 391 3312; x_wconf 90' lang='lat' dir='ltr'><strong>absentis</strong></span> <span class='ocrx_word' id='word_1_244' title='bbox 410 3264 578 3330; x_wconf 90' lang='lat' dir='ltr'><strong>praesentes</strong></span> <span class='ocrx_word' id='word_1_245' title='bbox 597 3255 638 3312; x_wconf 92' lang='lat' dir='ltr'><strong>tui</strong></span> <span class='ocrx_word' id='word_1_246' title='bbox 658 3263 846 3330; x_wconf 90' lang='lat' dir='ltr'><strong>cognoscent.</strong></span> <span class='ocrx_word' id='word_1_247' title='bbox 888 3253 918 3311; x_wconf 92' lang='lat' dir='ltr'><strong>Si</strong></span> <span class='ocrx_word' id='word_1_248' title='bbox 932 3264 1008 3312; x_wconf 84' lang='lat' dir='ltr'><strong>esset</strong></span> 
     </span>
     <span class='ocr_line' id='line_1_32' title="bbox 65 3351 1007 3428; baseline -0.002 -18"><span class='ocrx_word' id='word_1_249' title='bbox 65 3355 95 3410; x_wconf 91' lang='lat' dir='ltr'><strong>in</strong></span> <span class='ocrx_word' id='word_1_250' title='bbox 118 3353 153 3410; x_wconf 91' lang='lat' dir='ltr'><strong>iis</strong></span> <span class='ocrx_word' id='word_1_251' title='bbox 177 3351 257 3422; x_wconf 89' lang='lat' dir='ltr'><strong>fides,</strong></span> <span class='ocrx_word' id='word_1_252' title='bbox 283 3353 313 3410; x_wconf 90' lang='lat' dir='ltr'><strong>in</strong></span> <span class='ocrx_word' id='word_1_253' title='bbox 338 3354 443 3428; x_wconf 90' lang='lat' dir='ltr'><strong>quibus</strong></span> <span class='ocrx_word' id='word_1_254' title='bbox 466 3371 581 3410; x_wconf 91' lang='lat' dir='ltr'><strong>summa</strong></span> <span class='ocrx_word' id='word_1_255' title='bbox 603 3370 667 3411; x_wconf 91' lang='lat' dir='ltr'><strong>esse</strong></span> <span class='ocrx_word' id='word_1_256' title='bbox 689 3352 822 3422; x_wconf 91' lang='lat' dir='ltr'><strong>debebat,</strong></span> <span class='ocrx_word' id='word_1_257' title='bbox 845 3370 905 3410; x_wconf 92' lang='lat' dir='ltr'><strong>non</strong></span> <span class='ocrx_word' id='word_1_258' title='bbox 927 3352 1007 3409; x_wconf 89' lang='lat' dir='ltr'><strong>labo-</strong></span> 
     </span>
     <span class='ocr_line' id='line_1_33' title="bbox 66 3467 199 3509; baseline -0.015 0"><span class='ocrx_word' id='word_1_259' title='bbox 66 3467 199 3509; x_wconf 90' lang='lat' dir='ltr'><strong>raremus.</strong></span> 
     </span>
    </p>
   </div>
   <div class='ocr_carea' id='block_1_5' title="bbox 0 0 1231 3844">
    <p class='ocr_par' dir='ltr' id='par_1_5' title="bbox 0 0 1231 3844">
     <span class='ocr_line' id='line_1_34' title="bbox 0 0 1231 3844; baseline 0 0"><span class='ocrx_word' id='word_1_260' title='bbox 0 0 1231 3844; x_wconf 95' lang='lat' dir='ltr'><strong> </strong></span> 
     </span>
    </p>
   </div>
  </div>
 </body>
</html>
