2454 3842
57 235 109 296 ap.
130 217 183 304 ga]
296 232 408 281 aaran
431 199 482 281 Aa
502 233 671 283 arricum
694 235 739 282 νι.
764 239 793 285 2.
961 238 1020 304 113

57 393 228 459 quaternas
246 382 373 444 habebat
392 385 423 444 in
438 384 610 462 syngrapha.
654 384 729 444 Fieri
744 402 805 442 non
819 393 941 460 poterat,
956 404 1020 456 nec,

57 483 88 539 si
121 491 232 557 posset,
257 500 314 558 ego
338 484 398 559 pati
425 502 554 560 possem.
596 485 695 543 Audio
721 484 843 542 omnino
869 481 1019 558 Scaptium

56 581 233 656 paenitere3
255 599 324 638 nam
345 582 425 658 quod
445 593 561 642 senatus
583 583 747 642 consultum
767 601 829 641 esse
850 582 973 653 dicebat,
988 592 1020 640 ut

56 680 112 736 ius
133 697 171 736 ex
193 678 359 755 syngrapha
378 680 527 752 diceretur,
542 699 579 740 eo
600 681 721 741 consilio
741 681 850 739 factum
872 689 923 749 est,
939 678 1020 754 quod

56 778 226 852 pecuniam
243 776 389 836 Salaminii
409 790 511 838 contra
530 780 625 857 legem
641 780 800 841 Gabiniam
819 787 1018 853 sumpserant;

56 875 184 932 vetabat
205 885 302 934 autem
319 876 387 934 Auli
408 876 453 936 lex
474 879 519 936 ius
541 879 598 938 dici
619 879 656 938 de
677 880 717 936 ita
738 886 853 952 sumpta
873 877 1015 951 pecunia:

57 973 196 1030 decrevit
209 973 295 1050 igitur
309 985 436 1045 senatus,
451 985 483 1033 ut
496 977 540 1034 ius
556 977 697 1035 diceretur
716 995 755 1034 ex
773 975 829 1035 ista
843 974 1017 1052 syngrapha.

57 1071 157 1130 Nunc
172 1071 226 1130 ista
239 1071 327 1131 habet
345 1073 414 1131 iuris
433 1075 521 1145 idem,
537 1076 618 1151 quod
638 1087 760 1146 ceterae,
775 1073 845 1131 nihil
861 1073 1016 1148 praecipui.

58 1173 90 1228 8.
119 1169 205 1228 Haec
226 1189 244 1230 a
264 1190 311 1230 me
332 1173 434 1232 ordine
455 1172 532 1231 facta
550 1183 622 1249 puto
642 1192 690 1232 me
709 1172 799 1232 Bruto
818 1173 1017 1248 probaturum,

56 1270 119 1327 tibi
134 1270 254 1342 nesci03
277 1269 382 1328 Catoni
398 1279 474 1329 certe
489 1272 630 1347 probabo.
674 1271 733 1330 Sed
748 1272 806 1329 iam
821 1268 858 1327 ad
878 1279 906 1327 te
921 1270 1016 1345 ipsum

56 1378 210 1426 revertor:
232 1369 279 1426 ain
301 1369 429 1441 tandem,
444 1369 549 1441 Attice,
564 1369 697 1430 laudator
718 1368 889 1445 integritatis
909 1378 939 1426 et
959 1369 1015 1426 ele·

56 1469 184 1544 gantiae
198 1477 322 1540 nostrae,

336 1589 402 1620 ausus
418 1589 442 1620 es
459 1573 504 1622 hoc
520 1589 549 1622 ex
566 1590 606 1622 ore
622 1582 664 1622 tuo
676 1599 710 1610 -
720 1599 760 1622 -.

55 1683 160 1760 inquit
173 1681 296 1754 Ennius,
311 1693 343 1740 ut
357 1683 468 1758 equites
488 1682 606 1758 Scaptio
626 1683 663 1741 ad
681 1683 836 1759 pecuniam
851 1682 1015 1758 cogendam

56 1785 174 1852 darem,
197 1800 244 1840 me
269 1782 394 1858 rogare?
423 1799 462 1838 an
486 1791 518 1839 tu
543 1783 567 1840 si
589 1800 707 1840 mecum
732 1799 821 1853 esses,
842 1782 892 1857 qui
915 1782 1014 1841 scribis
1038 1793 1041 1797 ·

56 1880 191 1940 morderi
210 1889 239 1938 te
260 1879 413 1950 interdum,
429 1879 508 1957 quod
529 1898 591 1938 non
613 1879 698 1937 simul
713 1879 762 1950 sis,
777 1889 907 1955 paterere
921 1898 969 1938 me
984 1880 1013 1937 id

56 1979 170 2047 facere,
192 1978 217 2034 si
237 1977 360 2036 vellem?
386 1981 464 2035 ‘non
485 1976 627 2052 amplius'
650 1977 746 2052 inquis
768 1976 1012 2053 ‘quinquaginta’

57 2077 141 2136 Cum
158 2074 300 2151 Spartaco
314 2075 412 2133 minus
431 2073 513 2133 multi
533 2075 629 2150 primo
648 2073 782 2132 fuerunt:
805 2074 874 2150 quid
895 2073 1012 2131 tandem

55 2176 107 2234 isti
121 2173 193 2231 mali
206 2174 238 2230 in
251 2183 311 2231 tam
324 2181 425 2232 tenera
438 2171 532 2230 insula
546 2190 609 2230 non
621 2170 780 2231 fecissent?
801 2190 862 2230 non
877 2171 1013 2230 fecissent

55 2272 180 2332 autem?
202 2272 293 2329 immo
310 2271 380 2347 quid
402 2280 469 2329 ante
489 2271 644 2330 adventum
665 2289 763 2328 meum
784 2289 847 2329 non
860 2269 1011 2329 fecerunt?

55 2371 213 2430 Inclusum
240 2369 270 2426 in
299 2371 377 2427 curia
405 2379 538 2427 senatum
563 2369 726 2427 habuerunt
755 2367 944 2428 Salaminium
971 2367 1011 2426 ita

54 2469 170 2528 multos
185 2466 254 2537 dies,
270 2474 302 2524 ut
315 2467 470 2526 interierint
484 2485 546 2524 non
560 2467 631 2525 nulli
645 2467 739 2541 fame;
761 2466 913 2526 eratenim
927 2482 1010 2540 prae-

54 2569 154 2626 fectus
174 2565 263 2641 Appii
285 2563 418 2640 Scaptius
439 2574 468 2624 et
488 2565 615 2626 habebat
634 2577 743 2624 turmas
764 2568 801 2624 ab
822 2564 929 2640 Appio.
973 2562 1010 2620 Id

54 2686 105 2724 me
128 2663 216 2739 igitur
237 2673 276 2730 tu,
292 2663 373 2721 cuius
394 2663 558 2722 mehercule
579 2683 613 2723 os
634 2666 705 2722 mihi
725 2675 792 2724 ante
813 2663 915 2723 oculos
937 2661 1010 2720 solet

54 2763 174 2846 versari,
201 2779 268 2818 cum
281 2760 326 2828 ¹de
348 2761 444 2838 aliquo
473 2762 569 2821 officio
594 2782 629 2822 ac
654 2764 739 2822 laude
764 2763 872 2838 cogito,
897 2770 929 2819 tu
951 2779 1008 2830 me,

54 2865 188 2938 inquam,
217 2877 314 2934 rogas,
341 2860 506 2936 praefectus
535 2872 567 2920 ut
597 2863 730 2939 Scaptius
758 2861 813 2919 sit?
848 2859 918 2917 alias
950 2859 1008 2918 hoc

55 2972 259 3030 statueramus,
273 2969 306 3017 ut
324 2959 535 3035 negotiatorem
554 2961 711 3031 neminem,
727 2958 816 3034 idque
835 2957 925 3015 Bruto
939 2976 1008 3032 pro-

55 3058 237 3114 baveramus.
280 3053 398 3113 Habeat
417 3054 441 3112 is
460 3055 590 3113 turmas?
612 3073 662 3113 cur
684 3054 782 3130 potius
797 3070 886 3128 quam
901 3052 1006 3111 cohor·

55 3155 120 3212 tes?
154 3163 272 3228 sumptu
294 3153 352 3210 iam
380 3171 474 3228 nepos
499 3154 593 3212 evadit
623 3152 764 3227 Scaptius.
809 3170 835 3226 9.
859 3150 1006 3210 ‘Volunt'

54 3252 151 3327 inquit
176 3251 356 3329 ‘principes'
401 3251 486 3311 Scio:
516 3269 585 3310 nam
610 3251 717 3309 adme
740 3249 892 3326 Ephesum
915 3267 1007 3326 usque

53 3357 198 3409 venerunt
224 3348 386 3425 flentesque
412 3351 542 3426 equiturn
576 3349 685 3408 scelera
715 3358 744 3408 et
775 3349 905 3407 miserias
938 3366 1006 3406 suas

55 3448 238 3519 detulerunt3
274 3449 370 3524 itaque
400 3449 497 3507 statim
531 3449 597 3508 dedi
632 3449 748 3519 litteras,
777 3459 808 3505 ut
837 3465 873 3504 ex
905 3445 1003 3522 Cypro

502 3565 514 3606 1
