2432 3844
50 237 98 298 up.
120 222 184 305 ια]
260 231 374 298 aaran
396 232 447 280 aa
468 207 634 282 arricum
652 234 707 282 ιιι.
733 237 782 305 15.
969 237 1011 306 45

50 393 170 464 serib0‚
187 411 247 470 quo
260 401 290 450 te
307 408 368 449 non
381 408 449 450 meo
468 409 537 450 casu
557 391 686 450 maximo
708 390 809 450 dolore
830 410 893 452 esse
914 392 1012 452 adfec-

49 503 119 551 tum
136 494 243 562 sciam,
259 491 310 550 sed
325 488 465 567 profecto,
481 491 514 562 si,
529 500 669 567 quantum
687 508 735 548 me
756 507 837 550 amas
858 501 886 551 et
900 494 1012 564 amasti,

50 603 180 652 tantum
208 608 306 650 amare
334 589 455 648 deberes
482 606 517 648 ac
548 589 707 661 debuisses,
735 607 896 666 numquam
930 610 1010 651 esses

48 710 170 768 passus
190 709 248 761 me,
263 706 323 766 quo
343 697 375 746 tu
396 687 575 759 abundabas,
597 706 683 763 egere
703 688 833 760 consilio,
855 707 911 748 nec
931 708 1011 749 esses

48 810 170 868 passus
184 789 255 848 mihi
269 786 437 864 persuaderi
450 787 518 846 utile
533 787 618 846 nobis
633 805 696 846 esse
715 787 811 863 legem
832 786 868 847 de
883 788 1012 864 collegiis

49 889 193 966 perferri.
236 886 296 946 Sed
309 896 341 944 tu
355 895 468 944 tantum
488 885 620 944 lacrimas
641 886 799 962 praebuisti
820 885 913 944 dolori
934 904 1012 956 me0,

50 988 147 1064 quod
169 995 231 1045 erat
251 985 367 1055 amoris,
382 995 532 1059 tamquam
551 984 614 1059 ipse
629 1002 685 1060 ego
693 1003 702 1056 ;
724 983 804 1061 quod
817 985 926 1043 meritis
940 985 1015 1043 meis

51 1086 229 1164 perfectum
243 1083 379 1161 oportuit,
391 1087 423 1140 ut
437 1082 499 1141 dies
513 1090 542 1140 et
555 1091 665 1152 noctes,
677 1082 748 1159 quid
761 1082 832 1140 mihi
846 1083 1011 1143 faciendum

53 1194 152 1257 esset,
167 1183 321 1259 cogitares,
336 1182 367 1241 id
383 1183 436 1240 abs
457 1190 486 1238 te
506 1198 584 1251 meo,
604 1199 666 1240 non
678 1190 737 1251 ¹tuo
759 1181 866 1240 scelere
886 1191 1014 1258 praeter·

53 1285 194 1342 missum
208 1290 259 1340 est.
294 1279 423 1352 Quodsi
437 1297 499 1338 non
513 1279 604 1338 modo
620 1289 659 1350 tu,
672 1280 723 1339 sed
737 1281 890 1356 quisquam
905 1280 1013 1350 luisset,

55 1383 115 1458 qui
130 1399 182 1439 me
193 1379 325 1457 Pompeii
338 1378 435 1436 minus
449 1377 557 1436 liberali
571 1395 715 1455 responso
729 1380 912 1455 perterritum
925 1398 942 1438 a
956 1388 1015 1437 tur·

55 1483 192 1558 pissimo
212 1478 333 1538 consilio
351 1486 507 1548 revocaret,
527 1477 609 1553 quod
629 1495 704 1536 unus
723 1487 755 1535 tu
773 1477 867 1536 facere
888 1478 1015 1536 maxime

57 1575 199 1654 potuisti,
215 1586 263 1634 aut
279 1574 482 1634 occubuissem
496 1573 619 1633 honeste
640 1585 688 1633 aut
702 1575 823 1634 victores
838 1575 926 1634 hodie
939 1576 1016 1634 vive·

58 1694 177 1736 remus.
221 1673 280 1733 Hic
293 1673 364 1732 mihi
378 1674 530 1748 ignosces:
552 1691 600 1732 me
614 1674 694 1732 enim
706 1674 802 1750 ipsum
816 1675 909 1733 multo
922 1676 1017 1751 magis

60 1790 189 1843 accuse,
201 1772 306 1832 deinde
320 1781 348 1830 te
362 1773 445 1847 quasi
459 1790 507 1831 me
522 1771 657 1846 alterum;
673 1783 702 1831 et
716 1773 801 1831 simul
815 1793 898 1833 meae
913 1774 1017 1850 culpae

60 1875 186 1933 socium
199 1889 318 1948 quaero,
333 1888 368 1930 ac
382 1871 406 1930 si
420 1871 562 1942 restituor,
572 1871 665 1932 etiam
679 1872 777 1930 minus
791 1873 952 1931 videbimur
965 1873 1016 1931 de-

60 1973 198 2050 liquisse,
213 1971 267 2029 abs
281 1979 368 2046 teque
381 1979 467 2040 certe,
482 1971 622 2046 quoniam
641 1971 722 2030 nullo
736 1984 845 2043 nostro,
860 1982 912 2030 tuo
926 1972 1018 2048 ipsius

63 2070 217 2131 beneficio
231 2069 391 2146 diligemur.
435 2082 461 2143 5.
477 2067 568 2140 Quod
581 2079 610 2128 te
625 2088 692 2128 cum
708 2070 849 2129 Culleone
864 2070 965 2128 scribis
979 2071 1017 2128 de

65 2169 224 2249 privilegio
239 2169 377 2240 locutum,
392 2178 436 2227 est
450 2167 567 2244 aliquid,
584 2169 636 2226 sed
650 2168 742 2227 multo
756 2178 801 2226 est
815 2168 917 2226 melius
932 2169 1018 2226 abro-

67 2271 155 2347 gari:
176 2269 201 2326 si
222 2268 300 2326 enim
318 2285 407 2326 nemo
428 2267 576 2343 impediet,
591 2266 662 2343 quid
683 2276 727 2326 est
745 2267 875 2325 firmius?
896 2266 942 2325 sin
956 2268 1017 2338 erit,

69 2368 124 2446 qui
153 2365 219 2424 ferri
246 2383 308 2423 non
336 2365 420 2437 sinat,
448 2365 527 2425 idem
547 2375 665 2424 senatus
690 2364 824 2423 consulto
851 2365 1018 2425 intercedet.

69 2466 141 2525 Nec
163 2464 320 2540 quicquam
340 2463 418 2522 aliud
438 2481 513 2539 opus
534 2473 578 2522 est
599 2464 754 2539 abrogari:
783 2480 852 2521 nam
872 2463 952 2539 prior
971 2465 1018 2522 lex

71 2583 132 2624 nos
153 2563 225 2621 nihil
242 2562 391 2633 laedebat;
412 2579 501 2637 quam
522 2562 554 2633 si,
573 2571 606 2620 ut
626 2571 669 2620 est
690 2560 881 2637 promulgata,
902 2561 1019 2621 laudare

71 2662 268 2720 voluissemus
289 2669 347 2732 aut,
368 2668 400 2717 ut
428 2668 489 2717 erat
516 2659 707 2735 neglegenda,
728 2659 892 2736 neglegere,
913 2677 1019 2717 nocere

73 2759 200 2820 omnino
220 2758 306 2817 nobis
326 2776 387 2816 non
408 2757 557 2833 potuisset.
600 2756 659 2816 Hic
680 2758 750 2817 mihi
770 2759 897 2834 primum
921 2776 1020 2816 meum

75 2857 230 2918 consilium
245 2855 343 2928 defuit,
359 2856 513 2915 sedetiam
532 2855 631 2915 obfuit.
676 2855 772 2927 Caeci,
788 2856 875 2927 caeci,
890 2856 1020 2932 inquam,

75 2956 185 3016 fuimus
199 2956 230 3013 in
243 2955 346 3013 vestitu
359 2954 510 3026 mutando,
525 2955 556 3013 in
575 2953 685 3030 populo
699 2954 841 3030 rogando,
856 2954 946 3030 quod,
965 2953 1021 3011 nisi

76 3055 251 3115 nominatim
275 3072 393 3114 mecum
414 3054 462 3129 agi
483 3063 622 3129 coeptum
643 3062 727 3125 esset,
743 3053 805 3112 fieri
825 3053 1021 3129 perniciosum

78 3153 141 3212 fuit.
184 3152 243 3211 Sed
262 3171 354 3228 pergo
375 3153 544 3229 praeterita;
565 3171 665 3211 verum
679 3162 776 3211 tamen
797 3154 838 3212 ob
856 3153 932 3212 hanc
953 3171 1021 3212 cau-

80 3270 153 3322 sam,
175 3260 214 3323 ut,
237 3253 261 3309 si
284 3252 354 3329 quid
378 3263 489 3328 agetur,
512 3252 608 3326 legem
630 3251 717 3320 illam,
739 3252 849 3328 inqua
872 3250 1023 3328 popularia

81 3350 173 3408 multa
187 3359 262 3422 sunt,
276 3368 314 3409 ne
328 3352 462 3426 tangatis
505 3354 530 3409 6.
553 3350 665 3409 Verum
679 3359 723 3408 est
742 3349 859 3408 stultum
880 3367 927 3408 me
941 3365 1023 3424 prae-

81 3450 187 3526 cipere,
202 3449 273 3525 quid
287 3450 380 3526 agatis
401 3459 450 3508 aut
464 3467 523 3528 quo
545 3448 651 3508 modo:
679 3449 790 3506 utinam
810 3449 901 3507 modo
923 3456 1023 3522 agatur
