2452 3842
209 244 273 312 230
489 197 527 291 M:
553 238 674 288 ruam
695 240 884 306 cronnonrs
1038 228 1111 311 [ears
1127 244 1156 290 v.

207 395 277 455 mihi
293 395 408 472 saepius
422 405 466 454 est
488 395 580 456 ‘Cato
597 396 707 456 maior'
730 396 766 455 ad
786 406 815 455 te
833 397 957 468 missus;
980 397 1156 456 amariorem

207 495 286 553 enim
307 513 354 554 me
377 503 510 554 senectus
531 494 606 554 iacit.
649 495 823 554 stomachor
847 496 955 555 omnia.
1000 495 1062 554 Sed
1087 496 1156 553 mihi

206 593 326 672 quidem
339 596 474 662 βεβίωται.
517 593 652 666 Viderint
665 594 793 653 iuvenes.
835 595 885 654 Tu
899 612 966 652 mea
985 595 1114 666 curabis,
1128 605 1157 652 ut

207 710 300 752 curas.
344 709 370 765 4.
403 691 488 752 Haec
516 693 621 769 scripsi
649 711 701 751 seu
728 693 833 752 dictavi
861 693 997 768 apposita
1025 695 1157 752 secunda

207 809 309 851 mensa
328 790 407 868 apud
421 790 598 850 Vestorium.
641 790 783 850 Postridie
804 792 883 867 apud
897 791 1028 850 Hirtium
1046 794 1158 868 cogita·

119 898 125 910 ⁴
207 891 285 961 bam,
299 899 328 948 et
349 889 467 967 quidem
488 891 663 948 nmdtomov.
709 888 756 949 Sic
772 889 921 948 hominem
942 890 1100 949 traducere
1123 892 1159 950 ad

206 988 361 1064 optimates
386 1005 466 1065 parc.
509 993 591 1064 Λῆρος
617 988 707 1046 πολύς.
751 987 849 1047 Nemo
878 998 921 1047 est
949 988 1087 1061 istorum,
1111 992 1159 1066 qui

207 1088 299 1146 otium
327 1105 389 1145 non
417 1087 523 1145 timeat.
567 1086 634 1158 Qua
662 1105 692 1146 re
720 1085 819 1146 talaria
843 1086 1010 1159 videamus3
1044 1089 1159 1166 quidvis

207 1186 286 1244 enim
313 1187 411 1262 potius
439 1203 528 1261 quam
556 1194 658 1244 castra.
699 1185 813 1245 Atticae
845 1186 966 1244 salutem
1000 1186 1160 1262 plurimam

206 1284 292 1342 velim
320 1285 408 1343 dicas.
451 1283 600 1360 Exspecto
628 1282 742 1342 Octavii
771 1285 939 1343 contionem
971 1293 1004 1342 et
1034 1287 1062 1344 si
1093 1287 1161 1363 quid

206 1382 292 1453 aliud,
307 1383 434 1441 maxime
454 1393 560 1454 autem,
576 1382 681 1457 ecquid
695 1383 848 1441 Dolabella
861 1383 964 1441 tinniat
978 1401 1019 1440 an
1038 1385 1074 1442 in
1095 1404 1161 1444 meo

207 1481 325 1539 nomine
340 1480 452 1539 tabulas
467 1498 558 1538 novas
572 1480 679 1540 fecerit.

385 1641 451 1698 113.
494 1637 552 1695 An
574 1635 829 1696 rnnrnrnnns
851 1637 903 1695 xi.
928 1651 974 1712 27.
1011 1594 1017 1608 ¹

306 1750 372 1811 Son.
393 1771 423 1812 ur
445 1753 624 1814 Tuscunnno
645 1773 671 1813 v.
695 1754 772 1812 Km.
794 1753 857 1813 Iun.
879 1772 961 1812 nuc.
985 1766 1058 1827 710.

492 1856 549 1942 [n.]
572 1880 675 1921 cronno
696 1880 788 1921 nnnro
809 1880 870 1921 sun.

250 1995 274 2034 1.
297 1975 430 2036 Nonnou
450 1977 519 2034 satis
540 1977 676 2035 constitui
695 1977 884 2050 molestiaene
906 1976 970 2051 plus
990 1995 1032 2034 an
1053 1978 1165 2055 volup-

207 2075 271 2134 tatis
297 2074 421 2133 attulerit
443 2074 514 2132 mihi
533 2074 688 2134 Trebatius
713 2084 820 2144 noster,
843 2073 1025 2132 homocum
1051 2075 1165 2152 plenus

206 2173 300 2244 officii,
323 2183 385 2231 tum
406 2173 553 2248 utriusque
574 2183 706 2230 nostrum
728 2172 958 2232 amantissimus:
986 2189 1059 2231 nam
1094 2194 1165 2234 cum

154 2266 157 2274 “
205 2271 236 2330 in
257 2271 459 2330 Tusculanum
479 2271 594 2347 vesperi
614 2272 766 2342 venissem,
789 2270 929 2348 postridie
956 2270 1002 2330 ille
1032 2271 1074 2330 ad
1105 2293 1165 2334 me,

205 2371 338 2429 nondum
355 2371 422 2428 satis
434 2369 518 2428 firmo
533 2387 655 2444 corpore
670 2387 738 2427 cum
752 2378 837 2439 esset,
852 2387 939 2427 mane
950 2370 1045 2440 venit;
1069 2389 1166 2448 quem

205 2489 273 2529 eum
289 2471 483 2545 obiurgarem,
496 2469 575 2545 quod
590 2486 692 2544 parum
703 2467 857 2526 valetudini
872 2477 1010 2543 parceret,
1023 2478 1091 2526 tum
1106 2471 1167 2542 ille,

206 2568 276 2625 nihil
306 2569 359 2628 sibi
383 2567 499 2643 longius
529 2565 625 2637 inisse,
648 2584 737 2643 quarn
765 2575 797 2623 ut
825 2584 872 2624 me
895 2565 1010 2624 videret.
1057 2567 1167 2626 ‘Num

207 2663 363 2743 quidnam'
399 2666 520 2742 inquam
556 2662 679 2734 ‘novit’
721 2665 832 2723 Detulit
863 2664 903 2723 ad
930 2683 977 2723 me
1005 2666 1166 2741 querelam

103 2796 106 2806 =
206 2776 295 2836 tuam,
318 2766 354 2823 de
376 2784 434 2843 qua
454 2765 534 2841 prius
559 2783 649 2840 quam
673 2763 839 2840 respondeo
864 2781 958 2838 pauca
978 2781 1162 2839 proponam.

208 2881 233 2921 a.
255 2861 407 2934 Quantum
427 2863 569 2921 memoria
589 2870 719 2939 repetere
738 2861 890 2937 praeterita
908 2878 1039 2937 possum,
1060 2880 1160 2921 nemo

206 2969 251 3019 est
269 2961 339 3018 mihi
359 2972 387 3018 te
409 2962 520 3019 amicus
541 2960 705 3035 antiquior;
729 2958 780 3017 sed
794 2968 920 3018 vetustas
937 2958 1023 3016 habet
1045 2959 1166 3038 aliquid

207 3077 364 3117 commune
379 3077 447 3117 cum
461 3059 567 3129 multiS,
580 3075 662 3115 amor
676 3075 737 3115 non
751 3056 839 3114 habet
853 3076 859 3113 :
883 3056 971 3114 dilexi
984 3065 1020 3127 te,
1033 3075 1098 3134 quo
1114 3059 1165 3118 die

207 3156 340 3232 cognovi,
355 3174 462 3232 meque
477 3177 494 3214 a
509 3166 536 3214 te
552 3157 631 3232 diligi
646 3155 778 3213 iudicavi.
822 3154 907 3213 Tuus
925 3155 1029 3213 deinde
1048 3157 1165 3218 disces-

207 3273 264 3326 sus
280 3254 363 3330 isque
384 3255 541 3326 diuturnus,
556 3255 676 3313 ambitio
695 3265 795 3312 nostra
814 3263 842 3312 et
856 3253 930 3311 vitae
949 3253 1163 3316 dissimilitudo

207 3372 269 3412 non
291 3363 334 3410 est
355 3370 442 3426 passa
460 3353 622 3410 voluntates
643 3362 756 3410 nostras
778 3351 986 3410 consuetudine
1008 3354 1163 3428 congluti-

208 3451 286 3521 nari;
309 3459 391 3506 tuum
407 3456 505 3505 tamen
524 3466 594 3522 erga
611 3467 660 3507 me
680 3450 810 3508 animum
829 3450 935 3526 agnovi
951 3449 1048 3510 multis
1066 3457 1161 3514 annis
