2454 3842
126 239 168 290 M.
192 238 312 287 ruzin
333 223 520 288 cronnoiv'rs
541 237 906 290 aerumnarum.
943 241 1000 307 127

51 417 196 476 umquam
210 403 257 454 τοῦ
271 402 351 454 καλοῦ
364 396 482 456 videritl
524 397 623 475 Atque
636 396 709 456 haec
730 397 769 455 ait
790 399 890 457 omnia
907 399 1001 458 facere

52 517 85 556 se
114 496 263 573 dignitatis
290 515 388 556 causa.
430 496 489 555 Ubi
517 505 561 554 est
589 504 687 554 autem
715 497 840 572 dignitas
867 498 923 556 nisi
950 499 1001 555 ubi

51 596 210 656 honestas?
231 595 386 653 honestum
400 596 485 671 igitur
495 594 602 654 habere
616 595 775 654 exercitum
789 595 868 654 nullo
883 596 1001 672 publico

52 695 198 755 consilio?
223 712 367 771 occupare
389 696 475 753 urbes
503 693 616 764 civium,
639 711 697 771 quo
719 692 829 752 facilior
850 694 887 752 sit
907 695 1001 753 aditus

53 796 93 853 ad
115 794 259 872 patriam?
293 800 378 870 χρεῶν
400 795 538 862 ἀποκοπάς,
564 795 689 867 φυγάδων
713 792 844 864 καθόδους,
868 803 1003 852 sescenta

53 893 112 952 alia
126 892 237 952 scelera
249 893 353 963 moliri,

237 996 283 1058 τὴν
294 997 354 1046 θεῶν
365 994 484 1058 μεγίστην
494 992 553 1044 ὥστ’
565 993 632 1058 ἔχειν
643 993 823 1059 τυραννίδα-ἲ

57 1091 120 1150 Sibi
148 1090 253 1150 habeat
280 1109 363 1149 suam
391 1089 555 1147 fortunaml
592 1106 682 1146 unam
715 1087 879 1147 mehercule
906 1099 1004 1149 tecum

57 1189 270 1266 apricationem
283 1189 314 1246 in
327 1187 376 1246 illo
389 1187 529 1246 lucrativo
543 1197 594 1245 tuo
609 1187 670 1246 sole
683 1188 783 1246 malim
797 1205 886 1265 quam
904 1189 1004 1246 omnia

55 1289 141 1347 istius
162 1287 243 1345 modi
264 1304 363 1362 regna,
384 1285 429 1344 vel
454 1286 551 1362 potius
578 1287 653 1344 mori
674 1287 776 1345 millies
797 1305 886 1363 quam
914 1285 1005 1346 semel

55 1387 140 1445 istius
161 1385 242 1444 modi
263 1385 421 1463 quicquam
442 1384 578 1460 cogitare.
623 1404 649 1445 2.
679 1385 777 1458 ‘Quid
802 1387 878 1444 situ
899 1383 1005 1446 vellsi’

54 1484 163 1562 inquis.
204 1484 270 1559 Age
284 1483 350 1559 quis
364 1491 415 1554 est,
430 1483 477 1542 cui
491 1483 563 1542 velle
576 1501 639 1542 non
653 1485 757 1544 liceat?
799 1484 857 1544 Sed
876 1502 932 1562 ego
946 1485 1004 1544 hoc

53 1587 156 1663 ipsum
180 1583 251 1640 velle
273 1582 405 1640 miserius
427 1600 493 1641 esse
517 1583 595 1643 duco
619 1601 709 1659 quam
731 1583 761 1640 in
786 1602 903 1642 crucem
927 1584 1005 1654 tolli3

53 1701 118 1742 una
135 1699 182 1739 res
200 1691 244 1740 est
263 1699 298 1739 ea
318 1681 459 1752 miserior,
474 1681 595 1757 adipisci
616 1681 696 1757 quod
716 1681 757 1739 ita
770 1681 901 1740 volueris¹
947 1681 1006 1740 Sed

53 1784 131 1841 haec
152 1781 310 1853 hactenus3
331 1780 454 1838 libenter
475 1781 554 1839 enim
578 1781 608 1838 in
629 1781 675 1840 his
695 1781 834 1839 molestiis
854 1784 1005 1854 ἐνσχολάζω

54 1886 180 1949 †c0c01v.
230 1897 255 1953 3.
278 1877 445 1937 Redeamus
459 1878 497 1936 ad
516 1889 665 1940 nostrum:
687 1899 740 1956 per
753 1878 898 1938 fortunas!
920 1879 1006 1954 quale

54 1979 110 2039 tibi
130 1977 286 2037 consilium
299 1975 432 2052 Pompeii
446 1977 577 2037 videtur?
597 1978 654 2036 hoc
672 1997 789 2056 quaem,
804 1978 883 2054 quod
903 1979 1006 2036 urbem

54 2077 211 2154 reliquerit.
268 2073 335 2150 Ego
368 2077 448 2132 enim
475 2077 571 2150 ἀπορῶ.
626 2076 706 2135 Tum
740 2077 811 2136 nihil
845 2076 1005 2136 absurdius.

55 2175 172 2235 Urbem
186 2185 217 2232 tu
231 2174 397 2250 relinquas?
419 2191 489 2250 ergo
504 2175 591 2246 idem,
606 2175 631 2234 si
646 2174 722 2246 Galli
735 2175 872 2234 venirent.
919 2173 1006 2232 ‘Non

54 2271 123 2334 est’
152 2273 246 2348 inquit
273 2272 322 2330 ‘in
342 2273 500 2348 parietibus
526 2291 572 2331 res
595 2272 728 2350 publica'
770 2273 811 2331 At
835 2273 866 2329 in
894 2272 950 2329 aris
978 2281 1006 2329 et

54 2373 143 2440 locis.
186 2369 284 2430 ‘Fecit
308 2370 542 2443 Themistocles;
574 2371 695 2430 fluctum
723 2371 803 2429 enim
828 2370 916 2429 totius
939 2371 1010 2460 bar-x

53 2473 157 2536 bariae
172 2471 248 2529 serre
262 2470 331 2529 urbs
345 2488 404 2528 una
423 2489 485 2530 non
499 2471 629 2547 poterat!
658 2471 698 2530 At
711 2470 789 2528 idern
803 2469 927 2528 Pericles
946 2486 1007 2526 non

53 2570 135 2641 fecit,
165 2588 276 2628 annum
304 2569 364 2628 sere
391 2580 459 2645 post
486 2570 771 2646 quinquagesimum,
799 2586 867 2628 cum
894 2578 1007 2644 praeter

52 2670 178 2732 moenia
202 2669 272 2727 nihil
295 2678 414 2740 teneret,
438 2675 465 2726 ct
486 2669 577 2726 nostri
598 2668 669 2726 olim
691 2668 764 2726 urbe
789 2667 900 2744 reliqua
922 2676 1008 2743 capta

54 2786 158 2832 arcem
172 2777 270 2826 tamen
284 2767 478 2825 retinuerunt:

218 2869 280 2919 οὕτω
291 2888 335 2920 που
347 2870 396 2920 τῶν
407 2869 509 2934 πρόσθεν
521 2868 667 2929 ἐπευθόμεθα
677 2867 739 2917 κλέα
750 2869 846 2932 ἀνδρῶν.

54 2988 86 3040 4.
109 2966 224 3024 Rursus
252 2973 350 3024 antem
378 2984 416 3023 ex
445 2964 546 3022 dolore
573 2963 744 3039 municipali
766 2964 1008 3041 sermonibusque

55 3082 171 3136 eorum,
200 3082 275 3142 quos
305 3064 458 3134 convenio,
486 3063 599 3122 videtur
626 3063 684 3121 hoc
717 3061 871 3120 consilium
898 3064 1008 3122 exitum

54 3165 242 3224 habiturum:
265 3163 339 3220 mira
357 3162 510 3220 hominum
530 3161 648 3237 querela
668 3161 854 3219 est-nescio
870 3161 942 3232 istic,
957 3162 1010 3221 sed

54 3264 149 3323 facies
177 3269 209 3320 ut
233 3261 373 3330 sciam-,
399 3261 461 3318 sine
484 3259 701 3335 magistratibus
725 3260 826 3317 urbem
852 3277 924 3329 esse,
949 3261 1010 3317 sine

55 3369 181 3432 senatu;
210 3359 326 3435 fugiens
355 3359 481 3434 denique
503 3357 661 3434 Pompeius
688 3357 854 3415 mirabiliter
875 3356 1009 3415 homines

56 3469 177 3520 movet:
209 3457 279 3534 quid
304 3457 437 3534 quaeris?
470 3457 525 3518 alia
554 3475 641 3518 causa
668 3455 744 3515 lacta
758 3464 803 3514 est
810 3475 819 3529 ;
854 3453 924 3513 nihil
952 3454 1010 3510 iam
