2452 3842
229 222 290 302 184
505 236 543 286 rr.
566 237 688 285 rurrrr
708 237 896 287 CICERONIS
1049 220 1154 311 [nant

268 408 293 463 3.
317 387 386 461 Qua
399 406 438 458 re,
453 387 477 446 si
492 389 556 464 quis
571 407 745 466 congressus
759 386 843 448 fuerit
861 387 933 447 mihi
952 406 1020 446 cum
1035 387 1156 455 Caesare,

224 489 278 546 etsi
299 505 360 546 non
382 487 490 556 dubita,
507 487 577 564 quin
597 487 623 546 is
644 487 716 546 lenis
736 488 767 546 in
788 487 869 545 illum
890 486 1002 545 futurus
1025 486 1061 544 sit
1080 486 1157 561 idque

224 587 283 644 iam
302 585 495 657 declaraverit,
510 603 567 661 ego
586 595 685 644 tamen
698 585 723 644 is
742 601 800 656 er0,
815 586 865 662 qui
880 603 995 661 semper
1008 584 1058 644 fui.
1100 584 1157 655 Sed,

224 695 259 743 ut
277 685 371 756 video,
390 683 482 742 multo
503 685 597 760 magis
620 693 664 742 est
684 684 768 742 nobis
789 684 982 743 laborandum
1003 683 1040 742 de
1062 683 1158 752 Africa,

224 800 313 859 quam
328 782 445 859 quidem
459 791 491 840 tu
505 783 605 841 scribis
620 782 784 840 confirmari
795 783 924 857 quotidie
939 783 1034 857 magis
1048 782 1087 841 ad
1100 800 1161 840 con-

223 881 346 941 dicionis
368 898 451 956 spem
473 898 562 956 quam
582 881 725 939 victoriae.
770 879 862 951 Quod
882 881 994 939 utinam
1015 880 1056 938 ita
1077 882 1161 942 esset!

223 982 276 1040 sed
289 981 377 1056 longe
392 979 471 1037 aliter
485 996 548 1037 esse
567 978 714 1054 intellege,
729 988 816 1054 teque
831 979 928 1054 ipsum
947 978 986 1036 ita
1004 978 1163 1040 existimare

223 1079 353 1148 arbitror,
374 1077 454 1135 aliter
476 1085 574 1134 autem
596 1077 730 1150 scribere,
752 1095 813 1136 non
837 1075 964 1148 fallendi,
987 1077 1041 1134 sed
1065 1077 1165 1136 confir·

223 1177 323 1236 mandi
336 1176 395 1234 mei
409 1193 505 1247 causa,
520 1176 691 1252 praesertim
710 1193 777 1234 cum
795 1176 967 1252 adiungatur
986 1174 1026 1233 ad
1039 1175 1165 1234 Africam

223 1275 310 1333 etiarn
331 1272 484 1349 Hispania
527 1292 553 1345 4.
577 1273 667 1345 Quod
688 1292 736 1332 me
758 1275 909 1346 admones,
931 1282 963 1332 ut
985 1274 1112 1332 scribam
1133 1276 1167 1332 ad

222 1372 384 1431 Antonium
404 1381 432 1430 et
450 1373 488 1430 ad
504 1381 626 1443 ceteros,
642 1373 666 1430 si
681 1373 751 1448 quid
764 1372 906 1430 videbitur
926 1372 977 1429 tibi
998 1389 1076 1447 opus
1097 1391 1166 1442 esse,

222 1471 308 1531 velim
325 1471 414 1530 facias
433 1471 471 1542 id,
486 1471 567 1548 quod
586 1489 673 1548 saepe
688 1471 794 1544 fecisti3
820 1471 889 1529 nihil
910 1471 989 1529 enim
1007 1471 1081 1530 mihi
1094 1474 1170 1531 venit

223 1572 252 1629 in
266 1580 404 1641 mentem,
429 1567 510 1646 quod
534 1569 720 1628 scribendum
744 1579 852 1646 putem.
895 1568 986 1642 Quod
1010 1587 1060 1627 me
1090 1571 1171 1628 audis

222 1668 393 1727 erectiorem
411 1685 475 1725 esse
495 1666 603 1738 anime,
618 1667 688 1742 quid
702 1677 794 1742 putas,
810 1685 878 1725 cum
892 1667 990 1725 videas
1010 1670 1171 1727 accessisse

222 1768 260 1828 ad
288 1767 450 1843 superiores
478 1766 672 1842 aegritudines
700 1767 863 1842 praeclaras
890 1767 990 1843 generi
1018 1769 1172 1829 actiones?

223 1866 272 1924 Tu
290 1875 387 1925 tamen
401 1865 487 1923 velim
507 1882 545 1922 ne
564 1865 743 1936 intermittas,
758 1866 840 1941 quod
856 1866 917 1924 eius
936 1865 1031 1924 facere
1051 1869 1175 1941 poteris,

223 1966 346 2024 scribere
362 1965 400 2023 ad
413 1981 470 2035 me,
482 1963 569 2021 etiam
583 1963 608 2022 si
622 1982 692 2031 rem,
705 1963 741 2022 de
756 1982 815 2040 qua
829 1964 947 2036 scribas,
958 1981 1020 2022 non
1030 1962 1176 2036 habebis;

223 2085 338 2142 semper
352 2065 431 2123 enirn
451 2063 585 2122 adierunt
602 2063 709 2139 aliquid
727 2063 799 2122 mihi
812 2073 879 2122 tuae
899 2064 1016 2122 litterae.
1063 2063 1179 2126 Galeo·

222 2165 268 2222 nis
289 2163 476 2222 hereditatem
498 2163 591 2236 crevi;
624 2174 696 2239 puto
721 2164 798 2221 enirn
823 2164 982 2222 cretionem
1006 2162 1180 2241 simplicem

223 2261 320 2331 fuisse,
349 2261 489 2336 quoniam
523 2260 561 2320 ad
591 2279 639 2320 me
673 2261 752 2320 nulla
782 2261 872 2320 missa
899 2270 951 2320 est.
1004 2279 1069 2320 vm.
1105 2263 1181 2324 Idus

223 2357 352 2420 Martias.

403 2520 450 2575 aa.
494 2515 551 2575 An
572 2513 827 2575 summanus
848 2514 913 2574 xv.
940 2529 983 2590 15.

486 2631 552 2692 Sca.
569 2632 722 2690 Bsurrmsrr
743 2649 827 2690 sanc.
843 2643 910 2704 707.

506 2756 537 2798 u.
554 2756 656 2798 cronno
670 2757 691 2797 s.
704 2757 732 2796 n.
744 2756 768 2797 c.
781 2755 883 2797 cnssro.

267 2873 291 2912 r.
313 2853 383 2912 Ersr
397 2864 517 2930 uterque
532 2863 665 2912 nostrum
684 2871 737 2929 spe
756 2853 837 2927 pacis
856 2861 884 2910 et
903 2852 972 2910 odio
993 2852 1089 2914 civilis
1115 2877 1187 2918 san-

223 2948 318 3024 guinis
342 2949 444 3008 abesse
469 2967 487 3007 a
510 2948 578 3007 belli
601 2947 760 3023 pertinacia
780 2946 878 3016 voluit,
900 2956 1006 3018 tamen,
1028 2955 1188 3023 quoniam

222 3048 284 3105 eins
299 3046 411 3104 consilii
428 3046 569 3122 princeps
581 3063 638 3121 ego
658 3044 746 3103 fuisse
767 3044 875 3115 videor,
890 3043 954 3120 plus
974 3043 1108 3108 fortasse
1135 3055 1188 3111 tibi

222 3153 369 3222 praestare
384 3144 448 3219 ipse
463 3143 557 3202 debeo
573 3161 661 3220 quam
676 3161 693 3200 a
707 3151 735 3201 te
750 3151 935 3218 exspectare:
957 3143 1018 3214 etsi,
1033 3157 1070 3203 ut
1087 3165 1188 3228 saepe

222 3245 302 3304 soleo
323 3259 440 3300 mecum
461 3242 615 3311 recordari,
631 3259 728 3300 sermo
750 3240 896 3300 familiaris
917 3259 999 3299 meus
1022 3251 1139 3306 tecum
1164 3263 1189 3307 er

221 3343 291 3400 item
310 3355 426 3396 mecum
446 3347 512 3396 tuns
531 3339 651 3396 adduxit
670 3348 824 3414 utrumque
843 3348 973 3410 nostrum
992 3339 1031 3397 ad
1051 3341 1087 3400 id
1112 3365 1189 3405 con-

224 3438 327 3507 silium,
341 3443 374 3492 ut
392 3450 452 3490 uno
474 3433 584 3508 proelio
605 3444 781 3510 putaremus,
798 3436 822 3494 si
842 3453 904 3494 non
925 3445 1017 3495 totam
1039 3457 1188 3524 causam,
