2452 3842
220 182 282 243 242
496 179 534 228 ra.
560 177 677 230 ruzin
698 179 888 230 crunnoum
1056 165 1130 248 [ns
1145 179 1170 222 v.

218 343 313 394 vestro
340 349 418 396 anno
445 337 536 396 filium
562 357 647 398 suum
674 339 823 398 consulem
851 339 984 396 futurum
1013 346 1104 413 putet
1134 335 1170 393 ob

218 451 341 512 eamque
362 454 480 496 causam
501 455 532 496 se
552 437 619 496 huic
639 437 740 496 latroni
761 437 904 496 deservire
930 455 1004 512 prae
1029 454 1066 494 se
1093 435 1168 492 ferat.

220 549 246 606 3.
268 529 346 592 Nam
367 533 401 592 L.
419 533 505 593 Cotta
526 533 670 593 familiaris
691 553 772 593 meus
793 534 870 592 fatali
892 533 1027 610 quadam
1049 533 1168 606 desper-

218 630 323 702 atione,
351 642 383 692 ut
414 633 462 703 ait,
489 633 585 691 minus
617 633 648 690 in
681 643 813 692 senatum
845 633 943 704 venit3
980 631 1019 689 L.
1049 631 1166 696 caesar,

218 730 345 804 optimus
369 741 399 790 et
422 730 594 790 fortissimus
618 731 695 803 civis,
716 731 877 791 valetudine
898 731 1066 807 impeditur
1073 751 1083 802 ;
1111 728 1167 786 Ser.

221 827 363 904 Sulpicius
383 838 412 887 et
436 847 550 889 summa
574 831 741 890 auctoritate
765 841 793 890 et
816 830 927 907 optime
950 829 1089 888 sentiens
1111 845 1167 885 nou

219 927 310 986 adest.
352 927 491 1004 Reliquos
512 929 639 1004 exceptis
662 928 818 1004 designatis
838 930 961 1004 ignosce
975 927 1053 984 mihi
1068 929 1095 985 si
1110 944 1167 984 non

218 1041 340 1085 numero
355 1026 528 1086 consulares.
570 1026 672 1085 Habes
687 1038 818 1086 auctores
833 1027 945 1085 consilii
963 1027 1099 1102 publici:
1121 1026 1167 1101 qui

218 1141 356 1183 numerus
377 1128 463 1184 etiam
487 1125 573 1184 bonis
597 1127 683 1184 rebus
706 1127 829 1202 exiguus
852 1135 937 1195 esset,
960 1126 1038 1201 quid
1063 1143 1167 1184 censes

217 1223 356 1298 perditis?
377 1242 436 1300 qua
456 1243 487 1283 re
507 1241 575 1300 spes
596 1234 640 1283 est
660 1226 756 1283 omnis
777 1225 807 1282 in
827 1225 916 1294 vobis,
932 1224 985 1299 qui
1008 1224 1036 1282 si
1059 1224 1167 1282 idcirco

218 1321 334 1393 abestis,
348 1332 380 1380 ut
398 1322 459 1382 sitis
478 1322 507 1380 in
526 1332 597 1393 tut0‚
612 1341 649 1381 ne
670 1323 700 1380 in
720 1323 801 1381 vobis
821 1321 962 1399 quidem:
986 1323 1038 1380 sin
1061 1320 1167 1398 aliquid

218 1419 338 1496 dignum
356 1430 449 1479 vestra
466 1421 557 1496 gloria
574 1421 716 1496 cogitatis
731 1421 816 1479 velim
835 1421 918 1478 salvis
939 1421 1034 1479 nobis
1043 1441 1052 1493 ;
1077 1423 1126 1480 sin
1143 1419 1168 1476 id

217 1518 322 1588 minus,
336 1537 381 1578 res
401 1529 499 1577 tamen
513 1520 630 1596 publica
643 1539 696 1596 per
709 1538 761 1579 vos
775 1521 853 1578 brevi
867 1529 1002 1594 tempore
1019 1521 1070 1578 ius
1086 1537 1167 1578 suum

216 1617 393 1693 reciperabit.
434 1618 500 1692 Ego
525 1619 581 1677 tuis
606 1636 702 1694 neque
727 1620 829 1678 desum
857 1636 952 1695 neque
980 1619 1100 1678 deero:
1124 1618 1167 1694 qui

216 1716 274 1774 sive
299 1715 336 1774 ad
360 1735 408 1774 me
432 1717 555 1776 referent
579 1719 636 1775 sz'uc
659 1737 713 1774 non
740 1720 865 1795 referent,
887 1735 953 1774 mea
982 1717 1039 1775 tibi
1071 1729 1168 1776 tamen

215 1814 415 1873 benevolentia
435 1815 565 1892 fidesque
585 1815 783 1891 praestabitur,
825 1815 905 1874 Vale.

395 1968 460 2022 119.
502 1963 559 2022 AD
580 1963 830 2024 murmanus
852 1965 919 2024 ΧΗ.
941 1983 989 2040 23.

277 2095 282 2106 ⁴
308 2079 375 2140 Son.
391 2079 500 2140 Rousn
521 2098 613 2140 usuro
634 2099 729 2140 unnss
748 2080 881 2141 Ocnosm
902 2100 987 2142 nuc.
1005 2097 1081 2158 710.

507 2205 609 2247 emmo
630 2206 792 2250 conmmcro
812 2207 872 2246 sur..

261 2324 285 2362 1.
314 2301 426 2362 Ourima
457 2301 662 2361 condicionem
690 2303 802 2378 imperii
830 2303 871 2360 tui
899 2310 1072 2379 statumque
1101 2327 1164 2383 pro-

217 2402 327 2465 vinciae
349 2400 420 2458 mihi
444 2400 651 2458 demonstravit
675 2399 833 2460 Tratorius.
875 2399 903 2460 O
928 2401 1021 2459 multa
1045 2403 1164 2464 intoler-

217 2503 304 2562 abilia
316 2499 389 2558 locis
402 2499 555 2557 omnibus!
592 2499 651 2557 Sed
665 2518 724 2575 quo
742 2510 791 2557 tua
807 2499 900 2557 maior
914 2499 1041 2574 dignitas
1055 2510 1106 2575 est,
1121 2523 1162 2574 ρο,
1210 2521 1211 2530 ¹

217 2619 292 2678 quae
306 2599 357 2658 tibi
371 2598 544 2669 acciderunt,
559 2598 656 2656 minus
670 2598 805 2670 ferenda3
827 2616 922 2674 neque
936 2598 1024 2668 enim,
1039 2617 1120 2674 quae
1134 2614 1162 2660 tu

217 2707 334 2775 propter
350 2697 581 2773 magnitudinem
600 2706 630 2754 et
647 2697 736 2754 animi
754 2703 780 2754 et
795 2695 904 2772 ingenii
923 2697 1077 2756 moderate
1098 2700 1161 2770 fers,

218 2813 253 2856 ea
265 2814 326 2855 non
340 2795 506 2864 ulciscenda
521 2803 595 2865 sunt,
611 2794 699 2853 etiam
713 2795 737 2853 si
754 2813 815 2852 non
835 2803 902 2852 sunt
923 2793 1058 2854 dolenda.
1104 2798 1161 2857 Sed

218 2895 291 2954 haec
317 2895 469 2970 posterius.
520 2913 545 2952 2.
575 2892 685 2951 Rerum
712 2895 887 2952 urbanamm
914 2901 979 2951 acta
1005 2895 1058 2952 tibi
1088 2897 1159 2954 mitti

219 3001 297 3052 certo
321 2994 383 3051 scio
394 3012 402 3066 ;
428 2992 560 3070 quodni
581 2991 620 3051 ita
640 3002 781 3068 putarem,
802 2993 865 3069 ipse
889 2992 1108 3068 perscriberem,
1129 2997 1158 3052 in

218 3090 375 3167 primisque
393 3090 525 3152 Caesaris
546 3090 698 3149 Octaviani
720 3101 875 3163 conatum3
898 3089 1010 3167 dequo
1031 3093 1157 3152 multitu-

219 3190 279 3250 dini
298 3189 399 3248 fictum
419 3191 457 3248 ab
477 3190 609 3248 Antonio
629 3189 739 3247 crimen
759 3189 879 3260 videtur,
899 3198 931 3246 ut
951 3189 982 3246 in
1002 3193 1153 3264 pecuniam

217 3287 409 3350 adulescentis
434 3288 575 3363 impetum
596 3287 718 3358 faceret;
743 3287 901 3363 pmdentes
921 3295 1018 3345 autem
1041 3297 1070 3346 et
1089 3291 1154 3348 boni

217 3388 269 3446 viri
283 3395 312 3444 et
326 3385 446 3442 credunt
460 3383 567 3439 sactum
581 3393 610 3440 et
628 3385 761 3456 probant.
803 3383 883 3455 Quid
897 3386 1029 3461 quaeris?
1050 3404 1152 3464 magna
