<?xml version="1.0" encoding="UTF-8"?>
<!DOCTYPE html PUBLIC "-//W3C//DTD XHTML 1.0 Transitional//EN"
    "http://www.w3.org/TR/xhtml1/DTD/xhtml1-transitional.dtd">
<html xmlns="http://www.w3.org/1999/xhtml" xml:lang="en" lang="en">
 <head>
  <title>
</title>
<meta http-equiv="Content-Type" content="text/html;charset=utf-8" />
  <meta name='ocr-system' content='tesseract 3.04.00' />
  <meta name='ocr-capabilities' content='ocr_page ocr_carea ocr_par ocr_line ocrx_word'/>
</head>
<body>
  <div class='ocr_page' id='page_1' title='image "./epistolaeselect00watsgoog/epistolaeselect00watsgoog_0217.png"; bbox 0 0 2452 3842; ppageno 0'>
   <div class='ocr_carea' id='block_1_1' title="bbox 208 192 1157 284">
    <p class='ocr_par' dir='ltr' id='par_1_1' title="bbox 208 127 1224 302">
     <span class='ocr_line' id='line_1_1' title="bbox 208 192 1157 284; baseline -0.011 -20"><span class='ocrx_word' id='word_1_1' title='bbox 208 201 269 284; x_wconf 89' lang='lat'><strong>196</strong></span> <span class='ocrx_word' id='word_1_2' title='bbox 477 215 515 264; x_wconf 82' lang='lat' dir='ltr'><strong>nr.</strong></span> <span class='ocrx_word' id='word_1_3' title='bbox 543 213 662 262; x_wconf 77' lang='lat' dir='ltr'><strong>Tunnrr</strong></span> <span class='ocrx_word' id='word_1_4' title='bbox 684 213 872 262; x_wconf 79' lang='lat' dir='ltr'><strong>cronnonrs</strong></span> <span class='ocrx_word' id='word_1_5' title='bbox 1025 192 1098 283; x_wconf 71' lang='lat' dir='ltr'><strong>[ears</strong></span> <span class='ocrx_word' id='word_1_6' title='bbox 1115 204 1157 255; x_wconf 80' lang='lat' dir='ltr'><strong>iv.</strong></span> 
     </span>
    </p>
   </div>
   <div class='ocr_carea' id='block_1_2' title="bbox 202 359 1222 3494">
    <p class='ocr_par' dir='ltr' id='par_1_2' title="bbox 202 359 1222 3494">
     <span class='ocr_line' id='line_1_2' title="bbox 208 359 1157 440; baseline -0.003 -20"><span class='ocrx_word' id='word_1_7' title='bbox 208 361 307 420; x_wconf 89' lang='lat' dir='ltr'><strong>litteris</strong></span> <span class='ocrx_word' id='word_1_8' title='bbox 328 362 504 422; x_wconf 87' lang='lat' dir='ltr'><strong>maluissem.</strong></span> <span class='ocrx_word' id='word_1_9' title='bbox 547 363 643 436; x_wconf 88' lang='lat' dir='ltr'><strong>Nunc,</strong></span> <span class='ocrx_word' id='word_1_10' title='bbox 658 372 689 421; x_wconf 90' lang='lat' dir='ltr'><strong>ut</strong></span> <span class='ocrx_word' id='word_1_11' title='bbox 711 381 806 440; x_wconf 90' lang='lat' dir='ltr'><strong>spero,</strong></span> <span class='ocrx_word' id='word_1_12' title='bbox 827 361 907 420; x_wconf 89' lang='lat' dir='ltr'><strong>brevi</strong></span> <span class='ocrx_word' id='word_1_13' title='bbox 928 359 1157 437; x_wconf 86' lang='lat' dir='ltr'><strong>gratulabimur;</strong></span> 
     </span>
     <span class='ocr_line' id='line_1_3' title="bbox 204 459 1156 538; baseline -0.003 -21"><span class='ocrx_word' id='word_1_14' title='bbox 204 461 301 535; x_wconf 89' lang='lat' dir='ltr'><strong>itaque</strong></span> <span class='ocrx_word' id='word_1_15' title='bbox 318 461 349 518; x_wconf 89' lang='lat' dir='ltr'><strong>in</strong></span> <span class='ocrx_word' id='word_1_16' title='bbox 370 461 446 522; x_wconf 89' lang='lat' dir='ltr'><strong>aliud</strong></span> <span class='ocrx_word' id='word_1_17' title='bbox 467 472 583 538; x_wconf 89' lang='lat' dir='ltr'><strong>tempus</strong></span> <span class='ocrx_word' id='word_1_18' title='bbox 604 462 634 520; x_wconf 93' lang='lat' dir='ltr'><strong>id</strong></span> <span class='ocrx_word' id='word_1_19' title='bbox 655 471 859 537; x_wconf 86' lang='lat' dir='ltr'><strong>argumentum</strong></span> <span class='ocrx_word' id='word_1_20' title='bbox 879 459 1020 536; x_wconf 85' lang='lat' dir='ltr'><strong>epistolae</strong></span> <span class='ocrx_word' id='word_1_21' title='bbox 1042 459 1156 517; x_wconf 89' lang='lat' dir='ltr'><strong>differo.</strong></span> 
     </span>
     <span class='ocr_line' id='line_1_4' title="bbox 207 558 1157 636; baseline -0.003 -18"><span class='ocrx_word' id='word_1_22' title='bbox 207 577 232 618; x_wconf 86' lang='lat' dir='ltr'><strong>a.</strong></span> <span class='ocrx_word' id='word_1_23' title='bbox 256 558 312 618; x_wconf 95' lang='lat' dir='ltr'><strong>His</strong></span> <span class='ocrx_word' id='word_1_24' title='bbox 334 570 430 619; x_wconf 90' lang='lat' dir='ltr'><strong>autem</strong></span> <span class='ocrx_word' id='word_1_25' title='bbox 452 561 550 619; x_wconf 85' lang='lat' dir='ltr'><strong>litteris</strong></span> <span class='ocrx_word' id='word_1_26' title='bbox 572 560 702 620; x_wconf 90' lang='lat' dir='ltr'><strong>animum</strong></span> <span class='ocrx_word' id='word_1_27' title='bbox 724 569 815 631; x_wconf 92' lang='lat' dir='ltr'><strong>tuum,</strong></span> <span class='ocrx_word' id='word_1_28' title='bbox 836 577 925 636; x_wconf 90' lang='lat' dir='ltr'><strong>quem</strong></span> <span class='ocrx_word' id='word_1_29' title='bbox 950 559 1075 618; x_wconf 89' lang='lat' dir='ltr'><strong>minime</strong></span> <span class='ocrx_word' id='word_1_30' title='bbox 1103 559 1157 615; x_wconf 93' lang='lat' dir='ltr'><strong>im·</strong></span> 
     </span>
     <span class='ocr_line' id='line_1_5' title="bbox 204 658 1158 734; baseline -0.006 -14"><span class='ocrx_word' id='word_1_31' title='bbox 204 659 339 720; x_wconf 89' lang='lat' dir='ltr'><strong>becillum</strong></span> <span class='ocrx_word' id='word_1_32' title='bbox 362 677 426 719; x_wconf 89' lang='lat' dir='ltr'><strong>esse</strong></span> <span class='ocrx_word' id='word_1_33' title='bbox 451 670 480 717; x_wconf 90' lang='lat' dir='ltr'><strong>et</strong></span> <span class='ocrx_word' id='word_1_34' title='bbox 505 660 592 719; x_wconf 94' lang='lat' dir='ltr'><strong>audio</strong></span> <span class='ocrx_word' id='word_1_35' title='bbox 614 668 642 717; x_wconf 92' lang='lat' dir='ltr'><strong>et</strong></span> <span class='ocrx_word' id='word_1_36' title='bbox 663 677 756 734; x_wconf 88' lang='lat' dir='ltr'><strong>spero,</strong></span> <span class='ocrx_word' id='word_1_37' title='bbox 779 658 832 717; x_wconf 90' lang='lat' dir='ltr'><strong>etsi</strong></span> <span class='ocrx_word' id='word_1_38' title='bbox 853 676 915 716; x_wconf 91' lang='lat' dir='ltr'><strong>non</strong></span> <span class='ocrx_word' id='word_1_39' title='bbox 942 658 1158 734; x_wconf 85' lang='lat' dir='ltr'><strong>sapientissimi,</strong></span> 
     </span>
     <span class='ocr_line' id='line_1_6' title="bbox 205 755 1159 818; baseline -0.002 -3"><span class='ocrx_word' id='word_1_40' title='bbox 205 767 234 815; x_wconf 87' lang='lat' dir='ltr'><strong>at</strong></span> <span class='ocrx_word' id='word_1_41' title='bbox 262 757 430 816; x_wconf 87' lang='lat' dir='ltr'><strong>amicissimi</strong></span> <span class='ocrx_word' id='word_1_42' title='bbox 454 757 582 818; x_wconf 89' lang='lat' dir='ltr'><strong>bominis</strong></span> <span class='ocrx_word' id='word_1_43' title='bbox 607 758 777 815; x_wconf 88' lang='lat' dir='ltr'><strong>auctoritate</strong></span> <span class='ocrx_word' id='word_1_44' title='bbox 805 755 1040 815; x_wconf 90' lang='lat' dir='ltr'><strong>confirmandum</strong></span> <span class='ocrx_word' id='word_1_45' title='bbox 1070 756 1159 814; x_wconf 88' lang='lat' dir='ltr'><strong>etiarn</strong></span> 
     </span>
     <span class='ocr_line' id='line_1_7' title="bbox 204 853 1158 933; baseline -0.003 -18"><span class='ocrx_word' id='word_1_46' title='bbox 204 866 290 933; x_wconf 89' lang='lat' dir='ltr'><strong>atque</strong></span> <span class='ocrx_word' id='word_1_47' title='bbox 318 857 405 915; x_wconf 91' lang='lat' dir='ltr'><strong>etiam</strong></span> <span class='ocrx_word' id='word_1_48' title='bbox 437 865 527 932; x_wconf 87' lang='lat' dir='ltr'><strong>puto;</strong></span> <span class='ocrx_word' id='word_1_49' title='bbox 563 873 618 914; x_wconf 92' lang='lat' dir='ltr'><strong>nec</strong></span> <span class='ocrx_word' id='word_1_50' title='bbox 647 855 681 913; x_wconf 92' lang='lat' dir='ltr'><strong>iis</strong></span> <span class='ocrx_word' id='word_1_51' title='bbox 713 853 831 930; x_wconf 92' lang='lat' dir='ltr'><strong>quidem</strong></span> <span class='ocrx_word' id='word_1_52' title='bbox 859 853 962 925; x_wconf 88' lang='lat' dir='ltr'><strong>verbis,</strong></span> <span class='ocrx_word' id='word_1_53' title='bbox 991 854 1100 930; x_wconf 90' lang='lat' dir='ltr'><strong>quibus</strong></span> <span class='ocrx_word' id='word_1_54' title='bbox 1130 863 1158 912; x_wconf 92' lang='lat' dir='ltr'><strong>te</strong></span> 
     </span>
     <span class='ocr_line' id='line_1_8' title="bbox 204 951 1158 1028; baseline -0.006 -14"><span class='ocrx_word' id='word_1_55' title='bbox 204 955 339 1014; x_wconf 90' lang='lat' dir='ltr'><strong>consoler</strong></span> <span class='ocrx_word' id='word_1_56' title='bbox 359 964 391 1014; x_wconf 92' lang='lat' dir='ltr'><strong>ut</strong></span> <span class='ocrx_word' id='word_1_57' title='bbox 414 953 563 1013; x_wconf 84' lang='lat' dir='ltr'><strong>adflictum</strong></span> <span class='ocrx_word' id='word_1_58' title='bbox 584 963 612 1011; x_wconf 92' lang='lat' dir='ltr'><strong>et</strong></span> <span class='ocrx_word' id='word_1_59' title='bbox 633 952 690 1010; x_wconf 92' lang='lat' dir='ltr'><strong>iam</strong></span> <span class='ocrx_word' id='word_1_60' title='bbox 711 953 793 1010; x_wconf 89' lang='lat' dir='ltr'><strong>omni</strong></span> <span class='ocrx_word' id='word_1_61' title='bbox 814 970 866 1028; x_wconf 90' lang='lat' dir='ltr'><strong>spe</strong></span> <span class='ocrx_word' id='word_1_62' title='bbox 888 951 987 1009; x_wconf 89' lang='lat' dir='ltr'><strong>salutis</strong></span> <span class='ocrx_word' id='word_1_63' title='bbox 1009 953 1158 1023; x_wconf 88' lang='lat' dir='ltr'><strong>orbatum,</strong></span> 
     </span>
     <span class='ocr_line' id='line_1_9' title="bbox 205 1050 1159 1126; baseline -0.005 -12"><span class='ocrx_word' id='word_1_64' title='bbox 205 1054 257 1114; x_wconf 89' lang='lat' dir='ltr'><strong>sed</strong></span> <span class='ocrx_word' id='word_1_65' title='bbox 284 1063 315 1112; x_wconf 93' lang='lat' dir='ltr'><strong>ut</strong></span> <span class='ocrx_word' id='word_1_66' title='bbox 343 1071 418 1124; x_wconf 90' lang='lat' dir='ltr'><strong>eum,</strong></span> <span class='ocrx_word' id='word_1_67' title='bbox 444 1053 481 1112; x_wconf 90' lang='lat' dir='ltr'><strong>de</strong></span> <span class='ocrx_word' id='word_1_68' title='bbox 510 1054 591 1111; x_wconf 90' lang='lat' dir='ltr'><strong>cuius</strong></span> <span class='ocrx_word' id='word_1_69' title='bbox 619 1051 815 1110; x_wconf 86' lang='lat' dir='ltr'><strong>incolumitate</strong></span> <span class='ocrx_word' id='word_1_70' title='bbox 842 1068 904 1108; x_wconf 91' lang='lat' dir='ltr'><strong>non</strong></span> <span class='ocrx_word' id='word_1_71' title='bbox 932 1050 998 1126; x_wconf 92' lang='lat' dir='ltr'><strong>plus</strong></span> <span class='ocrx_word' id='word_1_72' title='bbox 1023 1050 1159 1109; x_wconf 86' lang='lat' dir='ltr'><strong>dubitem</strong></span> 
     </span>
     <span class='ocr_line' id='line_1_10' title="bbox 204 1147 1159 1227; baseline -0.002 -17"><span class='ocrx_word' id='word_1_73' title='bbox 204 1170 292 1227; x_wconf 90' lang='lat' dir='ltr'><strong>quam</strong></span> <span class='ocrx_word' id='word_1_74' title='bbox 315 1161 343 1209; x_wconf 92' lang='lat' dir='ltr'><strong>te</strong></span> <span class='ocrx_word' id='word_1_75' title='bbox 366 1151 486 1212; x_wconf 85' lang='lat' dir='ltr'><strong>memini</strong></span> <span class='ocrx_word' id='word_1_76' title='bbox 511 1151 641 1210; x_wconf 90' lang='lat' dir='ltr'><strong>dubitare</strong></span> <span class='ocrx_word' id='word_1_77' title='bbox 667 1150 703 1208; x_wconf 92' lang='lat' dir='ltr'><strong>de</strong></span> <span class='ocrx_word' id='word_1_78' title='bbox 728 1168 803 1207; x_wconf 90' lang='lat' dir='ltr'><strong>mea.</strong></span> <span class='ocrx_word' id='word_1_79' title='bbox 845 1147 924 1206; x_wconf 90' lang='lat' dir='ltr'><strong>Nam</strong></span> <span class='ocrx_word' id='word_1_80' title='bbox 949 1167 1018 1207; x_wconf 90' lang='lat' dir='ltr'><strong>cum</strong></span> <span class='ocrx_word' id='word_1_81' title='bbox 1042 1167 1095 1207; x_wconf 92' lang='lat' dir='ltr'><strong>me</strong></span> <span class='ocrx_word' id='word_1_82' title='bbox 1121 1169 1159 1208; x_wconf 80' lang='lat' dir='ltr'><strong>ex</strong></span> 
     </span>
     <span class='ocr_line' id='line_1_11' title="bbox 203 1247 1158 1326; baseline -0.001 -20"><span class='ocrx_word' id='word_1_83' title='bbox 203 1268 235 1308; x_wconf 94' lang='lat' dir='ltr'><strong>re</strong></span> <span class='ocrx_word' id='word_1_84' title='bbox 256 1250 371 1326; x_wconf 92' lang='lat' dir='ltr'><strong>publica</strong></span> <span class='ocrx_word' id='word_1_85' title='bbox 392 1249 570 1326; x_wconf 87' lang='lat' dir='ltr'><strong>expulissent</strong></span> <span class='ocrx_word' id='word_1_86' title='bbox 590 1249 618 1319; x_wconf 91' lang='lat' dir='ltr'><strong>ii,</strong></span> <span class='ocrx_word' id='word_1_87' title='bbox 638 1249 689 1323; x_wconf 92' lang='lat' dir='ltr'><strong>qui</strong></span> <span class='ocrx_word' id='word_1_88' title='bbox 713 1247 792 1306; x_wconf 91' lang='lat' dir='ltr'><strong>illam</strong></span> <span class='ocrx_word' id='word_1_89' title='bbox 816 1247 920 1305; x_wconf 89' lang='lat' dir='ltr'><strong>cadere</strong></span> <span class='ocrx_word' id='word_1_90' title='bbox 944 1265 1032 1322; x_wconf 90' lang='lat' dir='ltr'><strong>posse</strong></span> <span class='ocrx_word' id='word_1_91' title='bbox 1060 1256 1158 1306; x_wconf 86' lang='lat' dir='ltr'><strong>stante</strong></span> 
     </span>
     <span class='ocr_line' id='line_1_12' title="bbox 203 1345 1160 1424; baseline -0.002 -18"><span class='ocrx_word' id='word_1_92' title='bbox 203 1367 252 1408; x_wconf 92' lang='lat' dir='ltr'><strong>me</strong></span> <span class='ocrx_word' id='word_1_93' title='bbox 273 1366 334 1406; x_wconf 91' lang='lat' dir='ltr'><strong>non</strong></span> <span class='ocrx_word' id='word_1_94' title='bbox 355 1357 498 1424; x_wconf 87' lang='lat' dir='ltr'><strong>putarant,</strong></span> <span class='ocrx_word' id='word_1_95' title='bbox 520 1347 639 1406; x_wconf 89' lang='lat' dir='ltr'><strong>memini</strong></span> <span class='ocrx_word' id='word_1_96' title='bbox 664 1364 711 1404; x_wconf 90' lang='lat' dir='ltr'><strong>me</strong></span> <span class='ocrx_word' id='word_1_97' title='bbox 733 1364 770 1404; x_wconf 80' lang='lat' dir='ltr'><strong>ex</strong></span> <span class='ocrx_word' id='word_1_98' title='bbox 790 1345 887 1403; x_wconf 89' lang='lat' dir='ltr'><strong>multis</strong></span> <span class='ocrx_word' id='word_1_99' title='bbox 907 1345 1085 1420; x_wconf 67' lang='lat' dir='ltr'><strong>hospitibus</strong></span> <span class='ocrx_word' id='word_1_100' title='bbox 1107 1347 1160 1423; x_wconf 91' lang='lat' dir='ltr'><strong>qui</strong></span> 
     </span>
     <span class='ocr_line' id='line_1_13' title="bbox 204 1444 1158 1521; baseline -0.002 -17"><span class='ocrx_word' id='word_1_101' title='bbox 204 1446 242 1504; x_wconf 85' lang='lat' dir='ltr'><strong>ad</strong></span> <span class='ocrx_word' id='word_1_102' title='bbox 269 1464 316 1503; x_wconf 91' lang='lat' dir='ltr'><strong>me</strong></span> <span class='ocrx_word' id='word_1_103' title='bbox 341 1464 378 1504; x_wconf 86' lang='lat' dir='ltr'><strong>ex</strong></span> <span class='ocrx_word' id='word_1_104' title='bbox 399 1447 476 1516; x_wconf 88' lang='lat' dir='ltr'><strong>Asia,</strong></span> <span class='ocrx_word' id='word_1_105' title='bbox 499 1446 529 1503; x_wconf 93' lang='lat' dir='ltr'><strong>in</strong></span> <span class='ocrx_word' id='word_1_106' title='bbox 550 1463 608 1521; x_wconf 89' lang='lat' dir='ltr'><strong>qua</strong></span> <span class='ocrx_word' id='word_1_107' title='bbox 629 1455 660 1503; x_wconf 90' lang='lat' dir='ltr'><strong>tu</strong></span> <span class='ocrx_word' id='word_1_108' title='bbox 681 1463 754 1516; x_wconf 79' lang='lat' dir='ltr'><strong>erae,</strong></span> <span class='ocrx_word' id='word_1_109' title='bbox 775 1452 923 1515; x_wconf 89' lang='lat' dir='ltr'><strong>venerant,</strong></span> <span class='ocrx_word' id='word_1_110' title='bbox 944 1444 1043 1503; x_wconf 87' lang='lat' dir='ltr'><strong>audire</strong></span> <span class='ocrx_word' id='word_1_111' title='bbox 1067 1454 1098 1502; x_wconf 91' lang='lat' dir='ltr'><strong>te</strong></span> <span class='ocrx_word' id='word_1_112' title='bbox 1122 1446 1158 1503; x_wconf 94' lang='lat' dir='ltr'><strong>de</strong></span> 
     </span>
     <span class='ocr_line' id='line_1_14' title="bbox 204 1541 1158 1619; baseline 0 -18"><span class='ocrx_word' id='word_1_113' title='bbox 204 1544 332 1619; x_wconf 91' lang='lat' dir='ltr'><strong>glorioso</strong></span> <span class='ocrx_word' id='word_1_114' title='bbox 355 1553 383 1602; x_wconf 90' lang='lat' dir='ltr'><strong>et</strong></span> <span class='ocrx_word' id='word_1_115' title='bbox 400 1544 485 1603; x_wconf 89' lang='lat' dir='ltr'><strong>celeri</strong></span> <span class='ocrx_word' id='word_1_116' title='bbox 501 1545 594 1602; x_wconf 89' lang='lat' dir='ltr'><strong>reditu</strong></span> <span class='ocrx_word' id='word_1_117' title='bbox 614 1561 681 1602; x_wconf 89' lang='lat' dir='ltr'><strong>meo</strong></span> <span class='ocrx_word' id='word_1_118' title='bbox 703 1543 884 1601; x_wconf 88' lang='lat' dir='ltr'><strong>confirmare.</strong></span> <span class='ocrx_word' id='word_1_119' title='bbox 928 1562 954 1616; x_wconf 80' lang='lat'><strong>3.</strong></span> <span class='ocrx_word' id='word_1_120' title='bbox 978 1541 1009 1599; x_wconf 90' lang='lat' dir='ltr'><strong>Si</strong></span> <span class='ocrx_word' id='word_1_121' title='bbox 1029 1552 1060 1600; x_wconf 89' lang='lat' dir='ltr'><strong>te</strong></span> <span class='ocrx_word' id='word_1_122' title='bbox 1083 1545 1158 1601; x_wconf 88' lang='lat' dir='ltr'><strong>ratio</strong></span> 
     </span>
     <span class='ocr_line' id='line_1_15' title="bbox 204 1641 1159 1719; baseline 0.001 -20"><span class='ocrx_word' id='word_1_123' title='bbox 204 1641 349 1719; x_wconf 87' lang='lat' dir='ltr'><strong>quaedam</strong></span> <span class='ocrx_word' id='word_1_124' title='bbox 375 1643 448 1701; x_wconf 88' lang='lat' dir='ltr'><strong>mira</strong></span> <span class='ocrx_word' id='word_1_125' title='bbox 476 1643 592 1702; x_wconf 91' lang='lat' dir='ltr'><strong>Tuscae</strong></span> <span class='ocrx_word' id='word_1_126' title='bbox 618 1642 795 1718; x_wconf 88' lang='lat' dir='ltr'><strong>disciplinae,</strong></span> <span class='ocrx_word' id='word_1_127' title='bbox 820 1659 908 1717; x_wconf 90' lang='lat' dir='ltr'><strong>quam</strong></span> <span class='ocrx_word' id='word_1_128' title='bbox 935 1659 953 1699; x_wconf 91' lang='lat' dir='ltr'><strong>a</strong></span> <span class='ocrx_word' id='word_1_129' title='bbox 981 1650 1075 1716; x_wconf 89' lang='lat' dir='ltr'><strong>patre,</strong></span> <span class='ocrx_word' id='word_1_130' title='bbox 1103 1661 1159 1700; x_wconf 91' lang='lat' dir='ltr'><strong>no-</strong></span> 
     </span>
     <span class='ocr_line' id='line_1_16' title="bbox 204 1739 1158 1818; baseline 0.001 -20"><span class='ocrx_word' id='word_1_131' title='bbox 204 1740 344 1799; x_wconf 89' lang='lat' dir='ltr'><strong>bilissimo</strong></span> <span class='ocrx_word' id='word_1_132' title='bbox 370 1751 456 1818; x_wconf 91' lang='lat' dir='ltr'><strong>atque</strong></span> <span class='ocrx_word' id='word_1_133' title='bbox 480 1742 593 1817; x_wconf 91' lang='lat' dir='ltr'><strong>optimo</strong></span> <span class='ocrx_word' id='word_1_134' title='bbox 617 1741 686 1811; x_wconf 87' lang='lat' dir='ltr'><strong>viru,</strong></span> <span class='ocrx_word' id='word_1_135' title='bbox 709 1758 871 1815; x_wconf 84' lang='lat' dir='ltr'><strong>acceperas,</strong></span> <span class='ocrx_word' id='word_1_136' title='bbox 896 1758 957 1798; x_wconf 92' lang='lat' dir='ltr'><strong>non</strong></span> <span class='ocrx_word' id='word_1_137' title='bbox 981 1739 1094 1810; x_wconf 89' lang='lat' dir='ltr'><strong>fefellit,</strong></span> <span class='ocrx_word' id='word_1_138' title='bbox 1120 1760 1158 1799; x_wconf 92' lang='lat' dir='ltr'><strong>ne</strong></span> 
     </span>
     <span class='ocr_line' id='line_1_17' title="bbox 204 1838 1158 1916; baseline 0 -20"><span class='ocrx_word' id='word_1_139' title='bbox 204 1857 259 1898; x_wconf 89' lang='lat' dir='ltr'><strong>nos</strong></span> <span class='ocrx_word' id='word_1_140' title='bbox 287 1838 403 1914; x_wconf 91' lang='lat' dir='ltr'><strong>quidem</strong></span> <span class='ocrx_word' id='word_1_141' title='bbox 429 1848 527 1899; x_wconf 86' lang='lat' dir='ltr'><strong>nostra</strong></span> <span class='ocrx_word' id='word_1_142' title='bbox 550 1839 688 1898; x_wconf 88' lang='lat' dir='ltr'><strong>divinatio</strong></span> <span class='ocrx_word' id='word_1_143' title='bbox 712 1838 796 1903; x_wconf 89' lang='lat' dir='ltr'><strong>fallet,</strong></span> <span class='ocrx_word' id='word_1_144' title='bbox 822 1856 911 1914; x_wconf 91' lang='lat' dir='ltr'><strong>quam</strong></span> <span class='ocrx_word' id='word_1_145' title='bbox 938 1856 1006 1896; x_wconf 90' lang='lat' dir='ltr'><strong>cum</strong></span> <span class='ocrx_word' id='word_1_146' title='bbox 1035 1841 1158 1916; x_wconf 90' lang='lat' dir='ltr'><strong>sapien-</strong></span> 
     </span>
     <span class='ocr_line' id='line_1_18' title="bbox 203 1938 1159 2016; baseline 0.002 -21"><span class='ocrx_word' id='word_1_147' title='bbox 203 1938 381 1998; x_wconf 90' lang='lat' dir='ltr'><strong>tissimorum</strong></span> <span class='ocrx_word' id='word_1_148' title='bbox 403 1939 530 1997; x_wconf 91' lang='lat' dir='ltr'><strong>virorum</strong></span> <span class='ocrx_word' id='word_1_149' title='bbox 558 1938 755 1996; x_wconf 90' lang='lat' dir='ltr'><strong>monumentis</strong></span> <span class='ocrx_word' id='word_1_150' title='bbox 783 1947 869 2013; x_wconf 87' lang='lat' dir='ltr'><strong>atque</strong></span> <span class='ocrx_word' id='word_1_151' title='bbox 898 1938 1060 2014; x_wconf 78' lang='lat' dir='ltr'><strong>praeceptis</strong></span> <span class='ocrx_word' id='word_1_152' title='bbox 1093 1939 1159 2016; x_wconf 93' lang='lat' dir='ltr'><strong>plu-</strong></span> 
     </span>
     <span class='ocr_line' id='line_1_19' title="bbox 203 2035 1158 2112; baseline 0.001 -17"><span class='ocrx_word' id='word_1_153' title='bbox 203 2037 344 2112; x_wconf 86' lang='lat' dir='ltr'><strong>rimoque,</strong></span> <span class='ocrx_word' id='word_1_154' title='bbox 364 2045 396 2094; x_wconf 91' lang='lat' dir='ltr'><strong>ut</strong></span> <span class='ocrx_word' id='word_1_155' title='bbox 416 2046 448 2094; x_wconf 87' lang='lat' dir='ltr'><strong>tu</strong></span> <span class='ocrx_word' id='word_1_156' title='bbox 469 2036 533 2108; x_wconf 90' lang='lat' dir='ltr'><strong>scis,</strong></span> <span class='ocrx_word' id='word_1_157' title='bbox 554 2036 702 2095; x_wconf 89' lang='lat' dir='ltr'><strong>doctrinae</strong></span> <span class='ocrx_word' id='word_1_158' title='bbox 723 2035 828 2106; x_wconf 91' lang='lat' dir='ltr'><strong>studio,</strong></span> <span class='ocrx_word' id='word_1_159' title='bbox 849 2045 910 2092; x_wconf 92' lang='lat' dir='ltr'><strong>turn</strong></span> <span class='ocrx_word' id='word_1_160' title='bbox 931 2053 1040 2111; x_wconf 88' lang='lat' dir='ltr'><strong>magno</strong></span> <span class='ocrx_word' id='word_1_161' title='bbox 1063 2037 1158 2096; x_wconf 90' lang='lat' dir='ltr'><strong>etiam</strong></span> 
     </span>
     <span class='ocr_line' id='line_1_20' title="bbox 202 2121 1157 2211; baseline 0.003 -19"><span class='ocrx_word' id='word_1_162' title='bbox 202 2153 258 2194; x_wconf 92' lang='lat' dir='ltr'><strong>usu</strong></span> <span class='ocrx_word' id='word_1_163' title='bbox 280 2135 447 2194; x_wconf 85' lang='lat' dir='ltr'><strong>tractandae</strong></span> <span class='ocrx_word' id='word_1_164' title='bbox 470 2135 510 2192; x_wconf 93' lang='lat' dir='ltr'><strong>rei</strong></span> <span class='ocrx_word' id='word_1_165' title='bbox 535 2135 667 2211; x_wconf 89' lang='lat' dir='ltr'><strong>publicae</strong></span> <span class='ocrx_word' id='word_1_166' title='bbox 690 2121 856 2211; x_wconf 81' lang='lat' dir='ltr'><strong>magnaque</strong></span> <span class='ocrx_word' id='word_1_167' title='bbox 883 2143 1049 2192; x_wconf 91' lang='lat' dir='ltr'><strong>nostrorum</strong></span> <span class='ocrx_word' id='word_1_168' title='bbox 1080 2144 1157 2194; x_wconf 90' lang='lat' dir='ltr'><strong>tem·</strong></span> 
     </span>
     <span class='ocr_line' id='line_1_21' title="bbox 202 2233 1156 2311; baseline -0.002 -17"><span class='ocrx_word' id='word_1_169' title='bbox 202 2253 308 2311; x_wconf 89' lang='lat' dir='ltr'><strong>porum</strong></span> <span class='ocrx_word' id='word_1_170' title='bbox 330 2234 463 2292; x_wconf 89' lang='lat' dir='ltr'><strong>varietate</strong></span> <span class='ocrx_word' id='word_1_171' title='bbox 487 2234 637 2292; x_wconf 90' lang='lat' dir='ltr'><strong>consecuti</strong></span> <span class='ocrx_word' id='word_1_172' title='bbox 662 2252 780 2305; x_wconf 91' lang='lat' dir='ltr'><strong>sumus;</strong></span> <span class='ocrx_word' id='word_1_173' title='bbox 818 2253 844 2306; x_wconf 89' lang='lat'><strong>4.</strong></span> <span class='ocrx_word' id='word_1_174' title='bbox 866 2233 913 2292; x_wconf 89' lang='lat' dir='ltr'><strong>cui</strong></span> <span class='ocrx_word' id='word_1_175' title='bbox 936 2233 1054 2308; x_wconf 92' lang='lat' dir='ltr'><strong>quidem</strong></span> <span class='ocrx_word' id='word_1_176' title='bbox 1082 2235 1156 2292; x_wconf 92' lang='lat' dir='ltr'><strong>divi-</strong></span> 
     </span>
     <span class='ocr_line' id='line_1_22' title="bbox 203 2331 1157 2408; baseline 0 -18"><span class='ocrx_word' id='word_1_177' title='bbox 203 2333 315 2391; x_wconf 89' lang='lat' dir='ltr'><strong>nationi</strong></span> <span class='ocrx_word' id='word_1_178' title='bbox 335 2331 395 2394; x_wconf 90' lang='lat' dir='ltr'><strong>-hoc</strong></span> <span class='ocrx_word' id='word_1_179' title='bbox 418 2332 483 2408; x_wconf 91' lang='lat' dir='ltr'><strong>plus</strong></span> <span class='ocrx_word' id='word_1_180' title='bbox 508 2331 689 2402; x_wconf 90' lang='lat' dir='ltr'><strong>confidimus,</strong></span> <span class='ocrx_word' id='word_1_181' title='bbox 711 2331 793 2407; x_wconf 93' lang='lat' dir='ltr'><strong>quod</strong></span> <span class='ocrx_word' id='word_1_182' title='bbox 817 2349 853 2390; x_wconf 88' lang='lat' dir='ltr'><strong>ea</strong></span> <span class='ocrx_word' id='word_1_183' title='bbox 877 2349 933 2390; x_wconf 92' lang='lat' dir='ltr'><strong>nos</strong></span> <span class='ocrx_word' id='word_1_184' title='bbox 955 2331 1027 2389; x_wconf 91' lang='lat' dir='ltr'><strong>nihil</strong></span> <span class='ocrx_word' id='word_1_185' title='bbox 1049 2331 1083 2389; x_wconf 91' lang='lat' dir='ltr'><strong>in</strong></span> <span class='ocrx_word' id='word_1_186' title='bbox 1110 2332 1157 2390; x_wconf 91' lang='lat' dir='ltr'><strong>his</strong></span> 
     </span>
     <span class='ocr_line' id='line_1_23' title="bbox 202 2429 1155 2506; baseline 0 -18"><span class='ocrx_word' id='word_1_187' title='bbox 202 2440 263 2489; x_wconf 90' lang='lat' dir='ltr'><strong>tam</strong></span> <span class='ocrx_word' id='word_1_188' title='bbox 282 2429 413 2489; x_wconf 91' lang='lat' dir='ltr'><strong>obscuris</strong></span> <span class='ocrx_word' id='word_1_189' title='bbox 432 2431 518 2488; x_wconf 91' lang='lat' dir='ltr'><strong>rebus</strong></span> <span class='ocrx_word' id='word_1_190' title='bbox 537 2438 655 2504; x_wconf 84' lang='lat' dir='ltr'><strong>tamque</strong></span> <span class='ocrx_word' id='word_1_191' title='bbox 675 2429 846 2506; x_wconf 90' lang='lat' dir='ltr'><strong>perturbatis</strong></span> <span class='ocrx_word' id='word_1_192' title='bbox 867 2447 1006 2504; x_wconf 85' lang='lat' dir='ltr'><strong>umquam</strong></span> <span class='ocrx_word' id='word_1_193' title='bbox 1027 2430 1155 2488; x_wconf 91' lang='lat' dir='ltr'><strong>omnino</strong></span> 
     </span>
     <span class='ocr_line' id='line_1_24' title="bbox 203 2528 1156 2604; baseline 0.003 -18"><span class='ocrx_word' id='word_1_194' title='bbox 203 2529 308 2588; x_wconf 91' lang='lat' dir='ltr'><strong>fefellit.</strong></span> <span class='ocrx_word' id='word_1_195' title='bbox 351 2528 495 2601; x_wconf 87' lang='lat' dir='ltr'><strong>Dicerem,</strong></span> <span class='ocrx_word' id='word_1_196' title='bbox 517 2547 591 2604; x_wconf 92' lang='lat' dir='ltr'><strong>quae</strong></span> <span class='ocrx_word' id='word_1_197' title='bbox 617 2539 683 2587; x_wconf 90' lang='lat' dir='ltr'><strong>ante</strong></span> <span class='ocrx_word' id='word_1_198' title='bbox 705 2528 799 2586; x_wconf 86' lang='lat' dir='ltr'><strong>futura</strong></span> <span class='ocrx_word' id='word_1_199' title='bbox 821 2528 966 2599; x_wconf 83' lang='lat' dir='ltr'><strong>dixissem,</strong></span> <span class='ocrx_word' id='word_1_200' title='bbox 988 2529 1018 2586; x_wconf 93' lang='lat' dir='ltr'><strong>ni</strong></span> <span class='ocrx_word' id='word_1_201' title='bbox 1039 2547 1156 2589; x_wconf 90' lang='lat' dir='ltr'><strong>vererer</strong></span> 
     </span>
     <span class='ocr_line' id='line_1_25' title="bbox 203 2625 1156 2703; baseline 0 -16"><span class='ocrx_word' id='word_1_202' title='bbox 203 2648 241 2687; x_wconf 93' lang='lat' dir='ltr'><strong>ne</strong></span> <span class='ocrx_word' id='word_1_203' title='bbox 262 2647 298 2688; x_wconf 86' lang='lat' dir='ltr'><strong>ex</strong></span> <span class='ocrx_word' id='word_1_204' title='bbox 326 2629 434 2688; x_wconf 87' lang='lat' dir='ltr'><strong>eventis</strong></span> <span class='ocrx_word' id='word_1_205' title='bbox 456 2628 566 2703; x_wconf 88' lang='lat' dir='ltr'><strong>fingere</strong></span> <span class='ocrx_word' id='word_1_206' title='bbox 587 2627 713 2699; x_wconf 91' lang='lat' dir='ltr'><strong>viderer;</strong></span> <span class='ocrx_word' id='word_1_207' title='bbox 746 2627 798 2686; x_wconf 94' lang='lat' dir='ltr'><strong>sed</strong></span> <span class='ocrx_word' id='word_1_208' title='bbox 822 2637 920 2685; x_wconf 86' lang='lat' dir='ltr'><strong>tamen</strong></span> <span class='ocrx_word' id='word_1_209' title='bbox 943 2625 1059 2703; x_wconf 90' lang='lat' dir='ltr'><strong>plurimi</strong></span> <span class='ocrx_word' id='word_1_210' title='bbox 1086 2639 1156 2686; x_wconf 88' lang='lat' dir='ltr'><strong>sunt</strong></span> 
     </span>
     <span class='ocr_line' id='line_1_26' title="bbox 203 2724 1155 2800; baseline 0.001 -16"><span class='ocrx_word' id='word_1_211' title='bbox 203 2734 291 2784; x_wconf 89' lang='lat' dir='ltr'><strong>testes</strong></span> <span class='ocrx_word' id='word_1_212' title='bbox 321 2744 369 2784; x_wconf 92' lang='lat' dir='ltr'><strong>me</strong></span> <span class='ocrx_word' id='word_1_213' title='bbox 398 2735 425 2784; x_wconf 90' lang='lat' dir='ltr'><strong>et</strong></span> <span class='ocrx_word' id='word_1_214' title='bbox 457 2725 547 2795; x_wconf 87' lang='lat' dir='ltr'><strong>initi0,</strong></span> <span class='ocrx_word' id='word_1_215' title='bbox 576 2743 613 2782; x_wconf 91' lang='lat' dir='ltr'><strong>ne</strong></span> <span class='ocrx_word' id='word_1_216' title='bbox 642 2725 832 2800; x_wconf 88' lang='lat' dir='ltr'><strong>coniungeret</strong></span> <span class='ocrx_word' id='word_1_217' title='bbox 859 2743 891 2782; x_wconf 94' lang='lat' dir='ltr'><strong>se</strong></span> <span class='ocrx_word' id='word_1_218' title='bbox 919 2743 986 2783; x_wconf 90' lang='lat' dir='ltr'><strong>cum</strong></span> <span class='ocrx_word' id='word_1_219' title='bbox 1015 2724 1155 2796; x_wconf 87' lang='lat' dir='ltr'><strong>Caesare,</strong></span> 
     </span>
     <span class='ocr_line' id='line_1_27' title="bbox 203 2823 1155 2900; baseline 0.003 -19"><span class='ocrx_word' id='word_1_220' title='bbox 203 2825 351 2882; x_wconf 92' lang='lat' dir='ltr'><strong>monuisse</strong></span> <span class='ocrx_word' id='word_1_221' title='bbox 373 2823 554 2900; x_wconf 89' lang='lat' dir='ltr'><strong>Pompeium,</strong></span> <span class='ocrx_word' id='word_1_222' title='bbox 575 2833 604 2882; x_wconf 89' lang='lat' dir='ltr'><strong>et</strong></span> <span class='ocrx_word' id='word_1_223' title='bbox 623 2833 734 2899; x_wconf 88' lang='lat' dir='ltr'><strong>postea,</strong></span> <span class='ocrx_word' id='word_1_224' title='bbox 754 2841 792 2881; x_wconf 91' lang='lat' dir='ltr'><strong>ne</strong></span> <span class='ocrx_word' id='word_1_225' title='bbox 814 2841 846 2881; x_wconf 86' lang='lat' dir='ltr'><strong>se</strong></span> <span class='ocrx_word' id='word_1_226' title='bbox 867 2824 1050 2899; x_wconf 81' lang='lat' dir='ltr'><strong>diiungeret:</strong></span> <span class='ocrx_word' id='word_1_227' title='bbox 1078 2843 1155 2884; x_wconf 92' lang='lat' dir='ltr'><strong>con-</strong></span> 
     </span>
     <span class='ocr_line' id='line_1_28' title="bbox 202 2921 1154 2999; baseline 0.001 -18"><span class='ocrx_word' id='word_1_228' title='bbox 202 2923 351 2981; x_wconf 89' lang='lat' dir='ltr'><strong>iunctione</strong></span> <span class='ocrx_word' id='word_1_229' title='bbox 376 2922 469 2999; x_wconf 86' lang='lat' dir='ltr'><strong>frangi</strong></span> <span class='ocrx_word' id='word_1_230' title='bbox 496 2931 613 2981; x_wconf 90' lang='lat' dir='ltr'><strong>senatus</strong></span> <span class='ocrx_word' id='word_1_231' title='bbox 637 2940 719 2998; x_wconf 79' lang='lat' dir='ltr'><strong>opeS,</strong></span> <span class='ocrx_word' id='word_1_232' title='bbox 737 2921 915 2981; x_wconf 88' lang='lat' dir='ltr'><strong>diiunctione</strong></span> <span class='ocrx_word' id='word_1_233' title='bbox 938 2922 1020 2981; x_wconf 92' lang='lat' dir='ltr'><strong>civile</strong></span> <span class='ocrx_word' id='word_1_234' title='bbox 1041 2922 1154 2982; x_wconf 89' lang='lat' dir='ltr'><strong>bellum</strong></span> 
     </span>
     <span class='ocr_line' id='line_1_29' title="bbox 204 3019 1153 3096; baseline 0 -16"><span class='ocrx_word' id='word_1_235' title='bbox 204 3021 320 3080; x_wconf 86' lang='lat' dir='ltr'><strong>excitari</strong></span> <span class='ocrx_word' id='word_1_236' title='bbox 341 3021 483 3082; x_wconf 89' lang='lat' dir='ltr'><strong>videbam.</strong></span> <span class='ocrx_word' id='word_1_237' title='bbox 525 3021 622 3096; x_wconf 90' lang='lat' dir='ltr'><strong>Atque</strong></span> <span class='ocrx_word' id='word_1_238' title='bbox 646 3023 746 3080; x_wconf 90' lang='lat' dir='ltr'><strong>utebar</strong></span> <span class='ocrx_word' id='word_1_239' title='bbox 770 3020 990 3079; x_wconf 88' lang='lat' dir='ltr'><strong>familiarissime</strong></span> <span class='ocrx_word' id='word_1_240' title='bbox 1015 3019 1153 3094; x_wconf 88' lang='lat' dir='ltr'><strong>Caesare,</strong></span> 
     </span>
     <span class='ocr_line' id='line_1_30' title="bbox 203 3119 1222 3196; baseline 0 -18"><span class='ocrx_word' id='word_1_241' title='bbox 203 3119 378 3196; x_wconf 89' lang='lat' dir='ltr'><strong>Pompeium</strong></span> <span class='ocrx_word' id='word_1_242' title='bbox 398 3120 540 3178; x_wconf 87' lang='lat' dir='ltr'><strong>faciebam</strong></span> <span class='ocrx_word' id='word_1_243' title='bbox 561 3120 692 3196; x_wconf 90' lang='lat' dir='ltr'><strong>plurimi;</strong></span> <span class='ocrx_word' id='word_1_244' title='bbox 722 3119 774 3177; x_wconf 91' lang='lat' dir='ltr'><strong>sed</strong></span> <span class='ocrx_word' id='word_1_245' title='bbox 795 3129 855 3177; x_wconf 88' lang='lat' dir='ltr'><strong>erat</strong></span> <span class='ocrx_word' id='word_1_246' title='bbox 876 3137 974 3177; x_wconf 90' lang='lat' dir='ltr'><strong>meum</strong></span> <span class='ocrx_word' id='word_1_247' title='bbox 995 3120 1153 3179; x_wconf 90' lang='lat' dir='ltr'><strong>consilium</strong></span> <span class='ocrx_word' id='word_1_248' title='bbox 1221 3149 1222 3152; x_wconf 36' lang='lat'>¹</span> 
     </span>
     <span class='ocr_line' id='line_1_31' title="bbox 202 3217 1153 3295; baseline 0 -17"><span class='ocrx_word' id='word_1_249' title='bbox 202 3235 271 3278; x_wconf 89' lang='lat' dir='ltr'><strong>cum</strong></span> <span class='ocrx_word' id='word_1_250' title='bbox 299 3218 382 3277; x_wconf 90' lang='lat' dir='ltr'><strong>fidele</strong></span> <span class='ocrx_word' id='word_1_251' title='bbox 410 3217 562 3295; x_wconf 70' lang='lat' dir='ltr'><strong>Pompeio</strong></span> <span class='ocrx_word' id='word_1_252' title='bbox 591 3227 653 3276; x_wconf 89' lang='lat' dir='ltr'><strong>tum</strong></span> <span class='ocrx_word' id='word_1_253' title='bbox 685 3217 807 3278; x_wconf 78' lang='lat' dir='ltr'><strong>salutare</strong></span> <span class='ocrx_word' id='word_1_254' title='bbox 840 3218 961 3293; x_wconf 92' lang='lat' dir='ltr'><strong>utrique.</strong></span> <span class='ocrx_word' id='word_1_255' title='bbox 1015 3232 1042 3292; x_wconf 89' lang='lat'><strong>5.</strong></span> <span class='ocrx_word' id='word_1_256' title='bbox 1065 3217 1153 3290; x_wconf 89' lang='lat' dir='ltr'><strong>Quae</strong></span> 
     </span>
     <span class='ocr_line' id='line_1_32' title="bbox 203 3317 1152 3393; baseline 0.004 -19"><span class='ocrx_word' id='word_1_257' title='bbox 203 3327 351 3393; x_wconf 88' lang='lat' dir='ltr'><strong>praeterea</strong></span> <span class='ocrx_word' id='word_1_258' title='bbox 371 3318 552 3392; x_wconf 87' lang='lat' dir='ltr'><strong>providerim,</strong></span> <span class='ocrx_word' id='word_1_259' title='bbox 568 3328 735 3392; x_wconf 86' lang='lat' dir='ltr'><strong>praetereo;</strong></span> <span class='ocrx_word' id='word_1_260' title='bbox 758 3318 828 3376; x_wconf 92' lang='lat' dir='ltr'><strong>nolo</strong></span> <span class='ocrx_word' id='word_1_261' title='bbox 849 3317 928 3376; x_wconf 92' lang='lat' dir='ltr'><strong>enim</strong></span> <span class='ocrx_word' id='word_1_262' title='bbox 948 3317 1027 3376; x_wconf 89' lang='lat' dir='ltr'><strong>bunc</strong></span> <span class='ocrx_word' id='word_1_263' title='bbox 1047 3318 1084 3377; x_wconf 93' lang='lat' dir='ltr'><strong>de</strong></span> <span class='ocrx_word' id='word_1_264' title='bbox 1104 3338 1152 3379; x_wconf 91' lang='lat' dir='ltr'><strong>me</strong></span> 
     </span>
     <span class='ocr_line' id='line_1_33' title="bbox 392 3414 1151 3494; baseline 0.011 -24"><span class='ocrx_word' id='word_1_265' title='bbox 392 3414 476 3471; x_wconf 61' lang='lat' dir='ltr'><strong>-ttum</strong></span> <span class='ocrx_word' id='word_1_266' title='bbox 503 3416 665 3473; x_wconf 82' lang='lat' dir='ltr'><strong>existimare</strong></span> <span class='ocrx_word' id='word_1_267' title='bbox 697 3433 732 3473; x_wconf 88' lang='lat' dir='ltr'><strong>ea</strong></span> <span class='ocrx_word' id='word_1_268' title='bbox 760 3434 807 3474; x_wconf 86' lang='lat' dir='ltr'><strong>me</strong></span> <span class='ocrx_word' id='word_1_269' title='bbox 838 3416 963 3476; x_wconf 84' lang='lat' dir='ltr'><strong>suasisse</strong></span> <span class='ocrx_word' id='word_1_270' title='bbox 997 3415 1151 3494; x_wconf 87' lang='lat' dir='ltr'><strong>Pompeio,</strong></span> 
     </span>
    </p>
   </div>
   <div class='ocr_carea' id='block_1_3' title="bbox 1223 765 1227 1852">
    <p class='ocr_par' dir='ltr' id='par_1_3' title="bbox 1223 765 1227 1852">
     <span class='ocr_line' id='line_1_34' title="bbox 1223 765 1227 1852; baseline 0 0"><span class='ocrx_word' id='word_1_271' title='bbox 1223 765 1227 1852; x_wconf 95' lang='lat' dir='ltr'><strong> </strong></span> 
     </span>
    </p>
   </div>
   <div class='ocr_carea' id='block_1_4' title="bbox 0 0 1230 3842">
    <p class='ocr_par' dir='ltr' id='par_1_4' title="bbox 0 0 1230 3842">
     <span class='ocr_line' id='line_1_35' title="bbox 0 0 1230 3842; baseline 0 1"><span class='ocrx_word' id='word_1_272' title='bbox 0 0 1230 3842; x_wconf 95' lang='lat' dir='ltr'><strong> </strong></span> 
     </span>
    </p>
   </div>
  </div>
 </body>
</html>
