2452 3842
210 206 272 270 228
478 221 516 272 rr.
543 221 663 270 rursu
685 223 875 272 crcunonrs
1047 208 1126 296 [rm
1141 227 1170 271 u.

209 395 299 448 meas,
314 378 339 438 si
353 378 444 438 modo
456 388 527 438 sunt
540 379 653 456 aliquae
672 397 764 451 meae,
780 380 881 438 laudes
900 379 939 438 ad
954 390 982 438 te
997 381 1170 440 transfude-

208 477 271 548 rim,
287 495 376 553 quam
393 476 518 554 aliquam
534 487 645 556 partem
663 479 845 538 exhauserim
858 497 896 537 ex
911 479 985 537 tuis:
1007 498 1084 537 nam
1101 499 1169 538 cum

209 585 237 635 te
272 594 388 655 semper
422 586 536 637 tantum
571 579 731 650 dilexerim,
759 588 902 655 quantum
931 588 963 636 tu
992 579 1169 654 intellegere

209 675 336 752 potuisti,
351 685 413 734 tum
428 676 473 735 his
488 677 544 736 tuis
558 677 640 736 factis
661 679 701 737 sic
716 679 851 737 incensus
873 696 947 748 sum,
963 686 996 735 ut
1010 679 1088 736 nihil
1103 697 1169 736 um-

210 791 299 850 quam
323 776 352 832 in
380 793 481 835 amore
505 776 590 835 fuerit
614 775 778 848 ardentius;
811 777 882 834 nihil
906 785 949 834 est
975 777 1070 848 enim,
1096 778 1169 835 mihi

210 874 305 946 crede,
326 875 427 934 virtute
448 873 613 947 formosius,
635 875 705 933 nihil
725 875 880 952 pulchrius,
901 874 974 932 nihil
998 877 1168 934 amabilius

212 985 238 1044 5.
262 972 382 1050 Semper
403 976 504 1046 amavi,
520 986 551 1034 ut
573 975 637 1044 scis,
653 973 694 1032 M.
712 974 834 1032 Brutum
855 983 976 1050 propter
999 975 1067 1032 eius
1090 993 1170 1033 sum-

211 1090 292 1130 mum
306 1073 464 1148 ingenium,
476 1073 662 1132 suavissimos
676 1091 782 1142 mores,
795 1071 973 1148 singularem
984 1075 1170 1148 probitatem

211 1182 297 1246 atque
312 1173 522 1232 constantiam:
544 1179 649 1232 tamen*
658 1172 759 1230 Idibus
774 1171 887 1230 Martiis
901 1180 1019 1230 tantum
1041 1175 1170 1233 accessit

211 1271 250 1328 ad
264 1288 402 1342 amorem,
417 1280 450 1329 ut
468 1271 586 1330 mirarer
599 1272 696 1330 locum
711 1271 800 1330 fuisse
820 1271 946 1347 augendi
964 1272 997 1328 in
1018 1289 1071 1343 eo,
1088 1272 1169 1350 quod

211 1369 282 1427 mihi
295 1370 354 1428 iarn
368 1371 482 1446 pridem
502 1371 680 1430 cumulatum
699 1372 787 1429 etiam
801 1371 959 1430 videbatur.
1004 1369 1088 1442 Quis
1109 1382 1168 1430 erat

212 1467 261 1542 qui
285 1478 398 1542 putaret
426 1469 464 1527 ad
489 1487 557 1528 eum
585 1487 725 1540 amorem,
746 1488 835 1545 quem
858 1488 926 1544 erga
949 1478 977 1526 te
1004 1469 1167 1538 habebam,

212 1583 301 1639 posse
316 1566 424 1642 aliquid
441 1567 600 1626 accedere?
642 1567 773 1626 Tantum
793 1569 922 1639 accessit,
938 1576 969 1625 ut
989 1567 1066 1624 rnihi
1090 1587 1168 1627 nunc

213 1663 338 1738 denique
359 1683 456 1724 amare
478 1665 584 1736 videar,
606 1676 692 1724 antea
713 1665 855 1724 dilexisse.
898 1667 925 1724 6.
947 1663 1018 1736 Qua
1039 1685 1075 1724 re
1099 1666 1169 1744 quid

213 1771 258 1821 est
282 1763 363 1838 quod
388 1782 444 1840 ego
457 1774 494 1823 te
516 1765 622 1836 horter,
643 1775 674 1823 ut
695 1763 827 1840 dignitati
849 1773 878 1822 et
897 1763 1009 1839 gloriae
1033 1767 1169 1825 servias?

213 1861 382 1937 Proponam
401 1863 453 1920 tibi
474 1862 567 1923 claros
587 1865 672 1935 viros,
687 1864 768 1939 quod
788 1863 884 1922 facere
905 1863 1009 1934 solent,
1025 1865 1082 1939 qui
1102 1865 1169 1923 hor-

213 1962 328 2019 tantur?
358 1961 506 2019 neminem
528 1961 623 2021 habeo
646 1961 796 2020 clariorem
821 1979 909 2037 quam
933 1971 962 2019 te
985 1962 1091 2037 ipsum
1102 1983 1112 2036 ;
1142 1975 1168 2022 te

214 2061 325 2120 imitere
346 2070 470 2137 oportet,
488 2071 585 2120 tecum
607 2064 669 2137 ipse
691 2071 803 2120 certes:
825 2079 861 2119 ne
882 2061 947 2119 lieet
968 2061 1095 2137 quidem
1118 2063 1169 2121 tibi

214 2162 273 2220 iam
289 2161 376 2219 tantis
395 2160 482 2218 rebus
503 2159 592 2235 gestis
615 2177 677 2218 non
697 2161 738 2218 tui
759 2159 882 2218 similem
903 2177 975 2218 esse.
1020 2172 1048 2232 7.
1073 2160 1168 2232 Quod

215 2259 335 2318 sumita
349 2259 393 2328 sit,
405 2257 529 2317 hortatio
544 2277 605 2316 non
619 2268 664 2316 est
678 2259 849 2330 necessaria,
860 2259 1053 2335 gratulatione
1068 2261 1166 2336 magis

213 2357 355 2417 utendum
383 2367 444 2416 est:
481 2357 603 2432 contigit
631 2357 711 2416 enim
737 2357 788 2415 tibi
817 2356 896 2435 quod
923 2357 1002 2414 haud
1031 2357 1097 2416 scio
1127 2377 1165 2418 an

211 2457 333 2528 nemini,
349 2466 386 2516 nt
411 2475 526 2514 summa
550 2456 684 2515 severitas
707 2455 965 2516 animadversionis
986 2472 1050 2513 non
1070 2449 1165 2517 modo

215 2573 278 2614 non
301 2554 452 2624 invidiosa,
475 2554 527 2613 sed
552 2555 638 2614 etiarn
663 2556 811 2632 popularis
834 2563 910 2613 esset
932 2564 961 2612 et
984 2573 1053 2612 cum
1075 2555 1165 2614 bonis

211 2653 354 2712 omnibus
374 2663 437 2712 tum
450 2653 552 2712 infimo
573 2654 677 2731 cuique
694 2655 866 2729 gratissima.
908 2653 978 2712 Hoc
1000 2653 1024 2710 si
1040 2653 1093 2711 tibi
1108 2654 1164 2714 sor-

217 2762 287 2810 tuna
312 2752 440 2828 quadam
463 2752 641 2828 contigisset,
662 2752 818 2827 gratularer
843 2751 968 2810 felicitati
993 2760 1078 2823 tuae;
1114 2754 1165 2812 sed

217 2849 339 2924 contigit
355 2851 557 2926 magnitudine
576 2868 644 2909 cum
664 2851 754 2908 animi
768 2860 830 2908 tum
850 2850 938 2908 etiarn
952 2850 1062 2924 ingenii
1076 2862 1162 2928 atque

210 2947 350 3019 consilii3
371 2948 429 3024 legi
444 2949 522 3007 enim
537 2949 705 3007 contionem
720 2958 815 3006 tuam:
838 2947 908 3006 nihil
921 2948 969 3006 illa
988 2949 1161 3024 sapientius;

218 3047 257 3106 ita
269 3046 477 3123 pedetemptim
491 3055 520 3105 et
533 3047 677 3123 gradatim
691 3057 753 3105 tum
769 3063 905 3106 accessus
918 3063 936 3104 a
949 3055 977 3104 te
992 3045 1029 3104 ad
1044 3065 1163 3108 causam

219 3141 295 3212 facti,
307 3151 368 3201 tum
383 3162 523 3216 recessus,
534 3154 566 3203 ut
579 3163 624 3203 res
635 3146 698 3220 ipsa
712 3145 904 3202 maturitatem
918 3144 969 3202 tibi
983 3144 1163 3205 animadver·

219 3239 299 3300 tendi
327 3243 458 3301 omnium
486 3261 630 3303 concessu
657 3243 747 3302 daret.
799 3244 827 3300 8.
852 3242 995 3302 Liberasti
1022 3243 1110 3319 igitur
1136 3258 1162 3306 et
1217 3315 1220 3334 Ι

220 3339 322 3400 urbem
332 3339 461 3416 periculo
476 3349 505 3398 et
518 3341 661 3399 civitatem
675 3350 762 3412 metu,
775 3357 871 3422 neque
886 3340 981 3399 solum
996 3340 1034 3400 ad
1047 3350 1161 3420 tempus

221 3436 379 3495 maximam
406 3435 556 3494 utilitatem
585 3437 710 3508 attulisti,
736 3437 789 3496 sed
812 3438 900 3496 etiam
923 3438 961 3498 ad
989 3441 1160 3516 exemplum.
