2454 3842
220 239 280 288 122
488 235 527 284 Μ.
553 234 673 284 TULLII
694 234 883 284 oroanoms
1051 221 1121 304 [aas
1134 233 1162 280 n.

216 382 338 442 consilio
355 383 386 441 in
402 382 528 444 Siciliam
549 403 597 445 me
618 386 738 458 mittere,
754 384 836 462 quod
853 383 1011 460 imperium
1031 385 1163 446 habeam,

215 480 252 540 Id
265 492 310 541 est
322 482 505 558 Ἀβδηριτικόν.
546 484 611 543 Nec
624 486 703 544 enim
722 494 838 543 senatus
853 485 979 544 decrevit
997 505 1056 544 nec
1071 504 1163 565 popu·

216 580 261 638 lus
288 581 370 640 iussit
397 600 445 640 me
470 582 624 660 imperium
648 584 679 641 in
704 582 799 643 Sicilia
823 583 947 658 habere;
973 586 1020 644 sin
1041 585 1102 644 boc
1121 603 1164 643 res

215 678 333 756 publica
346 679 384 739 ad
398 679 572 758 Pompeium
590 680 689 752 desert,
704 671 754 757 qui
775 700 823 740 me
844 684 939 759 magis
957 703 1052 761 quam
1074 684 1163 760 priva-

216 787 279 836 tum
292 778 418 854 aliquem
432 780 544 838 mittat?
566 779 671 857 itaque,
686 781 710 838 si
729 779 786 839 hoc
805 781 959 857 imperium
972 783 1046 841 mihi
1061 783 1163 841 moles-

216 885 278 934 tum
293 878 353 948 erit,
368 887 432 936 utar
452 895 488 936 ea
508 887 600 954 porta,
615 896 706 953 quarn
726 878 850 955 primam
871 879 981 939 videro.
1028 895 1057 954 5.
1081 881 1163 948 Nam,

217 975 299 1051 quod
327 975 428 1035 scribis
451 975 602 1034 mirificam
622 977 871 1052 exspectationem
892 995 958 1038 esse
981 980 1042 1038 mei
1072 997 1163 1054 neque

216 1087 315 1134 tamen
334 1093 512 1153 quemquam
532 1077 678 1134 bonorum
695 1084 744 1134 aut
765 1076 834 1135 satis
856 1078 1003 1136 bonorum
1025 1077 1163 1146 dubitare,

217 1175 288 1250 quid
308 1174 436 1233 facturus
461 1175 525 1244 sim,
546 1191 611 1250 ego,
631 1193 709 1250 quos
730 1185 761 1234 tu
781 1176 878 1234 bonos
902 1193 967 1234 esse
991 1169 1085 1247 dicas,
1106 1195 1165 1234 non

217 1273 459 1350 intellego—ipse
479 1273 575 1332 nullos
600 1274 718 1345 novi-‚
741 1273 861 1344 sedita,
883 1274 908 1332 si
928 1273 1049 1333 ordines
1071 1277 1165 1334 bono·

217 1389 282 1428 rum
297 1371 470 1447 quaerimus.
511 1371 591 1430 Nam
605 1371 765 1448 singulares
778 1379 846 1430 sunt
859 1372 930 1430 boni
946 1373 1006 1444 viri,
1021 1392 1126 1431 verum
1139 1374 1165 1430 in

219 1467 446 1528 dissensionibus
460 1470 578 1528 ordines
587 1470 734 1528 bonomm
748 1478 776 1528 et
786 1487 896 1546 genera
909 1471 1081 1546 quaerenda
1096 1483 1166 1530 sunt.

219 1565 359 1624 Senatum
375 1567 487 1626 bonum
502 1576 596 1643 putas,
605 1586 663 1644 per
682 1585 770 1644 quem
788 1567 850 1626 sine
864 1568 986 1644 imperio
1002 1569 1168 1645 provinciae

219 1667 510 1744 sonti-numquam
524 1667 602 1724 enim
621 1665 711 1725 Curio
729 1667 918 1739 sustinuisset,
934 1667 961 1725 si
977 1685 1047 1726 cum
1068 1686 1107 1726 eo
1127 1669 1170 1743 agi

219 1774 357 1840 coeptum
376 1774 460 1838 esset,
476 1783 566 1841 quam
585 1766 758 1824 sententiam
776 1775 894 1824 senatus
914 1767 996 1842 sequi
1017 1767 1123 1838 noluit,
1138 1785 1170 1824 ex

220 1880 279 1937 quo
294 1862 402 1922 factum
421 1874 466 1922 est
485 1874 517 1922 ut
531 1861 649 1922 Caesari
664 1881 725 1921 non
745 1862 1028 1922 succederetiu-an
1042 1865 1168 1941 publiea-

218 1961 296 2020 nos?
319 1964 368 2038 qui
389 1979 550 2038 numquam
569 1961 652 2033 firmi,
668 1960 720 2020 sed
738 1979 817 2020 nunc
832 1959 950 2020 Caesari
969 1972 1039 2022 sunt
1053 1964 1167 2023 amicis·
1219 1977 1222 2072 p

219 2061 373 2132 simi—an
383 2059 592 2118 faeneratores?
614 2078 653 2118 an
662 2061 819 2136 agricolas?
837 2062 942 2136 quibus
951 2061 1166 2137 optatissimum

219 2172 262 2219 est
277 2161 377 2233 otium,
392 2161 447 2219 nisi
461 2176 514 2216 eos
533 2158 634 2216 timere
653 2171 747 2235 putas,
762 2177 799 2216 ne
815 2161 869 2219 sub
882 2177 977 2236 regno
991 2161 1058 2232 sint,
1074 2161 1167 2238 quiid

219 2277 389 2336 numquam,
401 2261 471 2319 dum
485 2257 575 2315 modo
590 2258 675 2316 otiosi
696 2268 799 2329 essent,
814 2268 992 2320 recusarunt.
1036 2261 1064 2317 6.
1089 2260 1166 2332 Quid

219 2359 311 2434 ergo?
332 2359 489 2418 exercitum
503 2356 659 2426 retinentis
670 2375 737 2414 cum
751 2356 823 2432 legis
835 2357 900 2416 dies
914 2357 1066 2429 transierit,
1082 2360 1167 2417 ratio·

220 2474 289 2514 nem
302 2457 403 2516 haberi
416 2455 530 2533 placet?
551 2453 626 2512 Mihi
640 2472 709 2513 vero
728 2473 765 2512 ne
785 2455 912 2516 absentis
928 2454 1057 2532 quidem.
1103 2457 1167 2526 Sed,

137 2599 141 2606 .
220 2571 287 2612 curn
308 2555 338 2612 id
353 2556 453 2613 datum
467 2563 519 2624 est,
534 2552 603 2611 illud
618 2570 677 2610 una
691 2553 791 2612 datum
806 2565 857 2613 est.
900 2555 1077 2613 ‘Annorum
1092 2559 1169 2615 enim

221 2652 324 2711 decem
338 2654 491 2730 imperium
504 2662 532 2710 et
546 2653 585 2710 ita
597 2651 688 2710 latum
695 2653 790 2727 placet
795 2649 827 2710 θ’
863 2653 961 2713 Placet
981 2654 1068 2730 igitur
1084 2657 1170 2714 etiam

220 2769 268 2808 me
283 2751 436 2826 expulsum
450 2759 479 2810 et
497 2769 600 2827 agrum
614 2747 800 2826 Campanum
817 2753 926 2828 perisse
948 2763 977 2811 et
996 2753 1170 2828 adoptatum

220 2850 372 2926 patricium
393 2868 411 2909 a
430 2850 555 2926 plebeio,
572 2848 749 2908 Gaditanum
763 2867 782 2907 a
796 2850 982 2927 Mytilenaeo,
996 2860 1025 2910 et
1047 2851 1170 2912 Labieni

221 2948 334 3006 divitiae
351 2957 383 3032 λοῖ
406 2947 572 3006 Mamurrae
592 2947 707 3024 placent
727 2957 756 3006 et
776 2947 859 3007 Balbi
880 2949 955 3008 horti
975 2959 1005 3008 et
1025 2949 1171 3010 Tuscula-

220 3064 300 3105 num.
352 3045 411 3105 Sed
438 3046 543 3105 horum
567 3046 699 3104 omnium
727 3045 794 3104 sons
821 3065 898 3105 unus
926 3056 985 3106 est:
1020 3047 1169 3108 imbecillo

220 3144 412 3203 resistendum
426 3143 486 3216 suit,
501 3157 530 3203 et
544 3143 574 3203 id
588 3153 648 3203 erat
661 3143 763 3217 sacile;
785 3163 864 3204 nunc
878 3146 1008 3222 legiones
1023 3165 1073 3218 x1.,
1089 3149 1170 3224 equi-

220 3253 296 3300 tatus
317 3253 420 3316 tantus,
435 3252 576 3321 quantum
597 3243 682 3314 volet,
697 3243 908 3318 Transpadani,
925 3245 1025 3321 plebes
1047 3248 1168 3316 urbana,

220 3350 265 3400 tot
291 3342 395 3398 tribuni
424 3342 471 3416 pl,
496 3352 556 3399 tam
583 3341 694 3416 perdita
721 3342 862 3413 iuventus,
890 3352 970 3400 tanta
998 3345 1169 3404 auctoritate

221 3439 289 3509 dux,
305 3448 384 3497 tanta
398 3438 526 3497 audacia.
568 3437 644 3496 Cum
665 3439 722 3498 hoc
741 3449 791 3497 aut
805 3440 1035 3516 depugnandum
1055 3453 1101 3502 est
1122 3451 1169 3503 aut
