2452 3842
214 237 273 302 168
482 252 520 302 Μ.
546 251 668 300 rurrrr
690 252 878 301 ereurours
1024 239 1089 323 [Pars
1104 252 1148 298 ru.

208 404 245 462 de
268 413 328 462 tota
353 404 539 463 contentione
564 403 594 460 in
617 403 778 481 Hispaniis,
801 405 857 463 nisi
881 404 954 463 forte
979 405 1014 462 iis
1039 404 1148 462 amissis
1216 445 1220 484 t

209 521 290 562 arma
304 501 477 578 Pompeium
491 502 671 561 abiecturum
685 513 777 578 putas,
793 504 875 563 cuius
892 521 980 561 omne
1000 503 1148 561 consilium

210 601 459 660 Themistocleum
489 611 532 660 est
539 621 548 672 ;
579 602 724 660 existimat
757 603 843 673 enim,
872 602 922 678 qui
950 619 1030 660 mare
1059 612 1149 660 teneat

210 718 277 758 eum
292 717 412 778 necesse
426 718 481 758 esse
493 718 589 758 rerum
603 700 697 776 potiri.
739 699 841 777 Itaque
855 717 1016 776 numquam
1035 701 1066 759 id
1085 702 1148 776 egit,

210 809 241 857 ut
269 797 431 874 Hispaniae
458 815 511 874 per
538 817 570 857 se
594 807 778 870 tenerentur3
809 799 919 857 navalis
943 809 1100 874 apparatus
1125 800 1150 856 ei
1219 841 1220 848 κ

210 915 326 973 semper
338 897 540 972 antiquissima
554 915 623 955 cura
637 896 697 954 fuit.
740 896 896 973 Navigabit
910 899 1005 972 igitur,
1020 916 1089 956 cum
1103 899 1150 956 erit

209 1007 333 1071 tempus,
348 995 483 1054 maximis
502 995 642 1054 classibus
665 1005 695 1054 et
713 996 751 1053 ad
764 995 878 1054 Italiam
901 997 1028 1066 accedet,
1047 999 1078 1054 in
1097 1015 1151 1072 qua

209 1112 264 1152 nos
287 1095 422 1153 sedentes
443 1094 514 1169 quid
535 1095 662 1152 erimus?
691 1112 760 1152 nam
784 1095 898 1153 medios
921 1113 985 1153 esse
1011 1096 1070 1153 iam
1094 1113 1151 1153 non
1219 1161 1220 1166 η

184 1189 314 1251 iicebit.
366 1188 541 1272 [Classibus]
571 1193 787 1251 adversabimur
814 1193 922 1269 igitur?
952 1195 1034 1270 quod
1062 1195 1153 1252 maius
1219 1171 1220 1192 Χ

210 1291 304 1350 scelus
330 1291 376 1348 vel
404 1300 516 1348 tantum
545 1290 690 1367 denique?
723 1292 794 1367 quid
821 1292 954 1367 turpius?
996 1294 1046 1350 An
1076 1293 1151 1369 qui†

210 1390 292 1448 valde
320 1389 366 1448 hic
393 1389 423 1447 in
452 1391 588 1448 absentes
602 1389 773 1472 ⁸solus-tuli
801 1390 904 1461 scelus,
930 1391 1064 1449 eiusdem
1088 1409 1154 1449 cum

210 1487 353 1563 Pompeio
381 1497 410 1545 et
437 1505 505 1545 cum
532 1488 648 1563 reliquis
675 1489 853 1564 principibus
882 1507 943 1548 non
970 1489 1087 1548 feram?
1130 1505 1155 1562 5.

211 1586 302 1658 Quod
321 1587 345 1644 si
361 1586 421 1644 iam
437 1587 529 1645 misso
550 1587 646 1646 officio
665 1587 783 1662 periculi
802 1589 875 1646 ratio
895 1587 1032 1646 habenda
1052 1598 1104 1658 esa
1119 1589 1157 1646 ab

210 1685 323 1744 illisest
338 1684 506 1760 periculum,
522 1685 546 1743 si
567 1703 699 1761 peccam,
715 1684 832 1756 abhoc,
849 1687 871 1744 si
889 1696 966 1746 recte
980 1686 1088 1756 fecero,
1102 1705 1155 1744 nec

210 1784 300 1842 ullum
324 1783 354 1840 in
376 1782 421 1840 bis
447 1783 530 1842 malis
555 1783 708 1841 consilium
733 1784 861 1860 periculo
886 1803 1010 1843 vacuum
1036 1786 1155 1843 inveniri

210 1892 314 1959 potest,
330 1888 361 1940 ut
376 1899 437 1939 non
452 1882 488 1940 sit
503 1882 622 1940 dubium
637 1882 707 1958 quin
724 1878 856 1962 [turpiter
871 1879 979 1962 facere]
993 1901 1066 1942 cum
1083 1885 1155 1960 peri·

211 1982 276 2040 culo
293 1980 448 2056 fugiamus,
463 1980 543 2055 quod
562 1979 728 2056 fugeremus
747 1981 834 2038 etiam
855 1997 922 2039 cum
943 1981 1043 2039 salute.
1088 1982 1157 2040 Non

211 2080 296 2140 simul
314 2098 381 2138 cum
401 2079 544 2154 Pompeio
563 2093 644 2137 mare
662 2079 836 2138 transiimus.
877 2078 1009 2138 Omnino
1026 2097 1085 2138 'non
1106 2099 1158 2157 po-

210 2181 336 2239 tuimus:
374 2185 467 2236 exstat
501 2175 575 2234 ratio
610 2176 730 2234 dierum.
782 2176 840 2235 Sed
875 2178 1160 2237 tamen-fateamur

211 2279 289 2338 enim
311 2277 391 2353 quod
413 2285 535 2334 est-ne
557 2275 761 2333 contendimus
785 2275 913 2351 quidem,
938 2285 969 2333 ut
992 2293 1159 2351 possemus.

211 2376 322 2436 Fefellit
343 2394 379 2434 ea
396 2392 445 2433 me
464 2391 519 2443 res,
535 2391 611 2450 quae
630 2373 753 2432 fortasse
771 2391 832 2432 non
849 2374 956 2444 debuit,
972 2375 1025 2434 sed
1039 2375 1159 2434 fefellit:

210 2493 316 2550 pacem
335 2474 433 2550 putavi
453 2472 524 2543 fore,
544 2473 660 2548 quaesi
680 2480 764 2540 esset,
784 2472 888 2530 iratum
909 2472 980 2529 mihi
999 2471 1161 2534 Caesarem

211 2591 284 2643 esse,
301 2590 369 2630 cum
388 2570 465 2629 idern
485 2570 596 2628 amicus
619 2581 694 2629 esset
713 2569 868 2645 Pompeio,
888 2571 985 2642 nolui;
1008 2590 1161 2632 senseram

211 2672 299 2740 enim,
311 2688 399 2746 quam
413 2669 500 2728 iidem
515 2678 619 2728 essent.
662 2668 731 2728 Hoc
745 2687 847 2728 verens
861 2669 891 2726 in
902 2669 977 2728 hanc
991 2671 1162 2730 tarditatem

211 2768 323 2828 incidi‘
358 2768 417 2828 Sed
445 2785 584 2844 assequor
612 2769 719 2838 omnia,
748 2768 773 2826 si
800 2785 944 2844 propero;
974 2769 998 2828 si
1026 2782 1163 2840 cunctor,

211 2869 321 2926 amitto.
365 2869 392 2926 6.
412 2867 451 2926 Et
465 2876 572 2937 tamen,
584 2867 624 2924 mi
636 2866 742 2936 Attice,
753 2867 875 2941 auguria
888 2883 1006 2942 quoque
1021 2886 1072 2926 me
1088 2871 1164 2929 inci·

212 2977 275 3025 tant
293 2967 419 3043 quadam
440 2983 491 3042 spe
511 2983 571 3024 non
590 2966 685 3035 dubia,
700 2983 762 3023 non
783 2963 855 3022 haec
875 2965 989 3040 collegii
1008 2969 1106 3025 nostri
1126 2970 1166 3027 ab

212 3067 291 3134 Atto,
317 3063 370 3122 sed
393 3063 441 3122 illa
464 3063 595 3121 Platonis
622 3063 659 3122 de
683 3063 829 3138 tyrannis:
854 3063 935 3122 nullo
959 3065 1038 3121 enim
1067 3069 1167 3127 modo

212 3181 300 3241 posse
321 3163 406 3221 video
427 3172 501 3221 stare
522 3162 610 3220 istum
631 3161 744 3232 diutius,
766 3161 837 3237 quin
859 3161 921 3238 ipse
942 3180 996 3238 per
1016 3181 1049 3222 se
1072 3166 1167 3224 etiam

211 3262 415 3338 languentibus
429 3260 515 3319 nobis
534 3259 679 3332 concidat,
694 3259 803 3337 quippe
817 3261 867 3336 qui
881 3260 1111 3323 florentissimus
1131 3283 1168 3323 ac

212 3379 306 3418 novus
320 3378 357 3416 v1.
374 3377 423 3416 vrr.
439 3359 541 3416 diebus
556 3359 610 3432 ipsi
625 3358 664 3415 illi
678 3359 775 3432 egenti
789 3376 823 3416 ac
836 3359 966 3433 perditae
980 3361 1168 3421 muititudini

213 3460 243 3516 in
258 3457 358 3516 odium
373 3455 591 3513 acerbissimum
601 3455 717 3525 venerit,
729 3457 778 3531 qui
793 3456 915 3514 duarum
925 3475 1026 3516 rerum
1042 3459 1169 3521 simula·
1216 3521 1217 3544 χ

1216 3555 1217 3592 r
