2436 3836
245 205 307 272 270
517 203 556 252 ra.
582 201 702 251 rururr
723 202 918 252 crouaoms
1095 195 1178 276 [rasi

243 359 421 420 transierunt
463 359 579 432 Quibus
607 361 693 419 rebus
718 378 775 436 ego
797 361 929 436 cognitis
961 372 1122 423 cunctatus
1140 383 1180 421 non

244 475 326 529 surn3
343 459 371 518 in
386 476 471 519 cursu
482 459 628 517 bonorum
640 458 826 518 consiliorum
835 457 994 535 Lepidum
1007 463 1179 520 adiuvandum
1199 479 1203 570 Ι

244 557 347 634 putavi.
391 577 417 632 3.
439 557 589 616 Adventus
609 575 692 616 meus
713 557 783 634 quid
803 557 1000 633 proiecturus
1023 573 1110 632 esset,
1126 560 1178 628 ridi;

243 655 287 714 vel
308 655 388 732 quod
409 655 537 732 equitatu
559 673 627 714 meo
647 655 782 732 persequi
802 655 963 715 Amanium
989 669 1084 736 atque
1106 659 1179 734 oppri·
1200 595 1203 716 l

243 771 322 812 mere
342 753 500 831 equitatum
522 753 584 812 eius
605 771 733 830 possem,
752 754 796 812 vel
816 754 897 831 quod
921 759 1080 816 exercitus
1100 755 1177 831 lepidi
1202 781 1203 860 i

243 869 308 910 eam
325 861 444 928 partem,
459 869 534 928 quae
555 862 691 928 corrupta
711 862 754 910 est
775 861 803 910 et
821 853 903 910 abre
919 855 1051 930 publica
1072 855 1177 921 alienata,

243 959 271 1008 et
289 951 432 1028 corrigere
454 960 483 1008 et
504 957 638 1010 coe'rcere
656 952 818 1026 praesentia
838 954 897 1010 mei
917 955 1077 1014 exercitus
1093 965 1178 1031 posset

244 1048 345 1126 ltaque
359 1051 389 1106 in
402 1049 491 1120 Isara,
506 1049 625 1107 flumine
638 1051 777 1122 maximo,
792 1049 873 1126 quod
886 1051 918 1108 in
933 1051 1051 1112 finibus
1067 1064 1111 1112 est
1121 1052 1179 1111 Allo
1201 1073 1203 1152 i

242 1149 375 1225 brogurn,
400 1158 491 1226 ponte
519 1165 579 1207 uno
605 1148 651 1207 die
676 1150 753 1208 iacto
781 1150 943 1208 exercitum
968 1169 997 1211 a.
1016 1153 1046 1211 d
1061 1173 1115 1211 rur.
1128 1151 1179 1210 ldus

243 1243 338 1307 Maias
359 1247 480 1306 traduxi.
522 1244 599 1306 Cum
613 1264 681 1306 vero
701 1248 772 1306 mihi
792 1248 959 1307 nuntiatum
980 1261 1067 1310 esset
1085 1251 1119 1308 L.
1136 1250 1180 1307 An·

243 1345 355 1405 tonium
382 1347 574 1422 praemissum
611 1363 678 1405 cum
713 1346 855 1423 equitibus
889 1355 918 1404 et
948 1348 1127 1408 cohortibus
1155 1346 1203 1408 adi

242 1441 350 1502 Forum
365 1444 429 1504 Iulii
445 1446 566 1518 venisse,
581 1445 698 1504 fratrem
720 1463 787 1504 cum
808 1447 938 1523 equitum
958 1458 1106 1522 quattuor
1124 1447 1180 1505 mii·

242 1542 306 1612 bus,
335 1553 367 1602 ut
395 1554 558 1604 occurreret
585 1544 620 1616 ei,
643 1545 709 1604 misi
737 1561 763 1602 a.
785 1544 812 1602 d.
834 1562 859 1602 v.
881 1542 954 1602 Idus
983 1543 1108 1618 Maias;
1134 1548 1180 1622 ipse

242 1641 376 1702 maximis
397 1643 546 1702 itineribus
567 1661 634 1702 curn
655 1651 790 1720 quattuor
810 1642 976 1718 legionibus
997 1647 1145 1721 expeditis
1162 1653 1180 1700 et

242 1735 352 1814 reliquo
373 1743 501 1818 equitatu
523 1742 690 1818 subsequar.
735 1761 761 1814 4.
787 1740 818 1799 Si
840 1758 895 1798 nos
917 1740 1083 1802 mediocris
1105 1742 1180 1800 modo

242 1834 358 1897 fortuna
378 1840 418 1898 rei
440 1841 572 1917 publicae
593 1839 738 1912 adiuverit,
754 1848 782 1897 et
803 1839 939 1898 audaciae
959 1840 1145 1915 perditorum
1161 1849 1180 1896 et

243 1944 358 1995 nostrae
373 1937 571 1998 sollicitudinis
585 1938 632 1997 hie
647 1938 736 1997 finem
753 1937 937 2014 reperiemus.
982 1936 1071 2010 Quid
1085 1942 1109 1998 si
1122 1941 1180 1997 latro
1201 1957 1202 1962 ¹

243 2035 433 2111 praecognito
454 2045 554 2096 nostro
576 2036 701 2094 adventu
714 2054 811 2094 rursus
830 2037 860 2092 in
874 2034 990 2093 ltaliam
1011 2054 1047 2095 se
1065 2040 1179 2115 recipcre

244 2135 379 2209 coeperit,
395 2133 475 2192 Bruti
489 2135 542 2193 erit
555 2134 683 2194 officium
697 2152 846 2194 occurrere
860 2133 895 2205 ei,
909 2135 955 2191 cui
969 2134 1035 2193 scio
1051 2155 1110 2195 nec
1123 2153 1178 2194 con·

244 2229 337 2288 silium
351 2250 406 2291 nec
424 2232 554 2291 animum
569 2232 741 2291 defuturum.
783 2231 849 2308 Ego
869 2240 974 2302 tamen,
991 2232 1017 2290 si
1031 2233 1066 2292 id
1080 2233 1178 2292 accido

242 2329 287 2396 rit,
302 2328 419 2389 fratrem
440 2350 507 2390 curn
526 2332 654 2407 equitatu
674 2331 794 2404 mittam,
811 2330 860 2407 qui
874 2339 1020 2406 sequatur,
1037 2331 1150 2392 Italiam
1166 2350 1178 2388 a
1200 2365 1201 2370 κ

242 2429 402 2488 vastatione
416 2429 560 2489 defendat.
601 2429 660 2488 Fae
674 2428 769 2488 valeas
782 2446 888 2505 meque
901 2437 1005 2487 mutuo
1021 2429 1136 2508 diligas.

382 2592 447 2650 141.
489 2587 546 2647 AD
567 2586 818 2646 FAMILIARES
839 2585 876 2646 X.
900 2605 937 2661 34
960 2588 992 2660 (1.
1010 2585 1052 2668 a).

306 2701 371 2764 Seu.
393 2722 424 2762 ur
443 2721 559 2763 cassius
579 2721 618 2761 nn
632 2702 756 2761 Ponrsu
776 2701 962 2760 Alcimum
983 2719 1023 2762 x1.
1046 2702 1125 2764 ΚΑΙ.
1200 2723 1201 2795 l

581 2800 644 2858 Iun.
666 2818 749 2859 nuc.
772 2799 844 2873 7111

376 2926 406 2966 Μ.
429 2925 548 2966 LEPIDUS
569 2925 627 2965 IMP.
649 2924 727 2964 ITER.
748 2925 831 2965 PONT.
852 2925 922 2964 MAx.
936 2923 958 2965 S.
973 2924 1000 2966 D.
1017 2925 1049 2971 Μ.

578 3022 685 3064 TULLIO
705 3022 847 3064 CICERONI·

285 3134 309 3176 1.
333 3116 362 3176 S.
377 3137 404 3177 v.
419 3139 444 3177 n.
459 3138 485 3178 u.
501 3137 528 3178 u.
541 3138 568 3178 u.
611 3117 687 3177 Cum
701 3117 847 3177 audissem
861 3117 1024 3178 Antonium
1042 3138 1110 3178 cum
1125 3123 1173 3180 suis

242 3216 341 3293 copiis,
356 3217 516 3293 praemisso
530 3215 563 3275 L.
578 3216 708 3274 Antonio
727 3233 794 3274 curn
808 3224 889 3292 parte
904 3216 1056 3293 equitatus,
1070 3219 1102 3276 in
1116 3237 1171 3296 pro-

241 3316 365 3376 vinciam
385 3331 481 3372 meam
502 3313 607 3382 venire,
629 3330 696 3370 curn
721 3313 847 3371 exercitu
869 3328 936 3371 rneo
958 3314 995 3372 ab
1016 3315 1171 3374 confluente

243 3411 293 3491 [ab
308 3405 467 3486 Rhodano]
487 3419 579 3466 castra
601 3410 680 3466 movi
700 3427 735 3468 ae
755 3420 857 3469 contra
877 3429 928 3470 eos
948 3415 1045 3470 venire
1066 3415 1169 3473 institui.
