2432 3844
62 287 112 349 ap.
132 259 187 355 a.]'
282 284 396 336 uniar.
418 283 469 333 An
490 283 656 335 ATTICUM
674 285 700 335 r.
727 271 776 336 16.
971 291 1010 338 ar

62 443 280 520 promulgavit:
310 444 351 502 ita
372 443 490 503 comitia
510 444 540 502 in
563 461 586 502 a
608 443 635 502 d.
655 463 693 503 vr.
736 442 801 501 Kal.
827 442 903 505 Sext.
927 444 1013 504 dilata

62 550 149 600 sunt.
188 541 265 600 Novi
290 551 335 601 est
359 543 388 600 in
412 543 476 619 lege
500 542 567 614 hoc,
586 553 618 601 ut
641 542 690 619 qui
712 560 849 602 nummos
870 544 901 602 in
922 544 1012 602 tribus

62 641 271 717 pronuntiarit,
288 642 311 700 si
333 660 394 700 non
417 642 535 712 dederit,
552 642 672 719 impune
698 641 734 699 sit
741 661 749 714 3
781 641 826 698 sin
848 641 967 714 dederit,
981 651 1014 700 ut

63 738 171 815 quoad
196 740 272 798 vivat
300 741 420 816 singulis
447 741 578 799 tribubus
602 740 664 798 HS.
688 755 734 799 crs
759 755 803 798 cro
826 755 870 798 cro
898 741 1011 798 debeat.

63 835 139 894 Dixi
152 836 228 895 hanc
242 837 337 914 legem
352 837 383 896 P.
399 837 535 897 Clodium
550 838 608 896 iam
628 847 694 896 ante
716 854 862 908 servasse;
884 854 1014 912 pronun*

60 935 138 992 tiare
153 936 232 993 enim
261 937 376 994 solitum
405 955 468 994 esse
484 944 512 995 et
540 954 600 994 non
629 936 705 994 dare.
764 933 822 992 Sed
858 933 930 992 heus
966 936 1013 992 tul

62 1034 188 1092 videsne
216 1035 400 1092 consulatum
427 1034 508 1092 illum
535 1044 674 1105 nostrum,
703 1051 791 1110 quem
816 1032 904 1091 Curio
929 1043 1015 1092 antea

61 1133 214 1188 ἀποθέωσιν
226 1133 359 1203 vocabat,
375 1132 398 1190 si
419 1133 466 1190 hic
488 1133 581 1191 factus
599 1133 660 1203 erit,
675 1132 773 1190 fabam
794 1132 916 1190 mimum
937 1131 1013 1189 futu-

61 1228 152 1283 rum?
182 1244 239 1302 qua
260 1245 299 1297 re,
321 1236 353 1284 ut
374 1227 487 1302 opinor,
506 1227 708 1300 φιλοσοφητέον,
730 1225 761 1284 id
781 1227 862 1302 quod
882 1237 913 1284 tu
933 1225 1013 1296 facie,

61 1330 95 1378 et
110 1321 183 1380 istos
201 1321 369 1379 consulatus
388 1339 449 1379 non
463 1321 549 1380 flocci
569 1320 692 1379 facteon.
738 1339 782 1392 14.
798 1321 888 1392 Quod
909 1320 947 1378 ad
966 1338 1013 1378 me

61 1415 179 1485 scribis,
193 1423 221 1472 te
236 1415 266 1471 in
280 1415 382 1473 Asiam
403 1416 537 1474 statuisse
556 1433 618 1473 non
632 1416 682 1486 ire,
696 1413 833 1491 equidem
853 1413 969 1472 mallem
984 1423 1015 1472 ut

61 1509 133 1581 ires,
149 1528 184 1567 ac
201 1527 303 1568 vereor
324 1509 450 1585 nequid
471 1511 501 1567 in
522 1510 576 1568 ista
597 1529 627 1568 re
649 1509 745 1568 minus
766 1509 922 1568 commode
943 1510 1013 1581 liat3

63 1607 121 1667 sed
145 1617 246 1666 tamen
273 1627 335 1666 non
362 1627 484 1684 possum
508 1607 717 1684 reprehendere
745 1585 1013 1678 eonsilium⁶tuum,

61 1707 239 1782 praesertim
256 1725 323 1764 cum
342 1715 459 1782 egomet
473 1707 503 1764 in
517 1706 696 1783 provinciam
709 1724 770 1764 non
788 1706 842 1764 sim
857 1705 1013 1781 profectus.

66 1820 116 1879 15.
137 1803 364 1880 Epigrammatis
384 1804 449 1876 tuis,
471 1824 545 1882 quae
567 1806 596 1862 in
614 1803 768 1863 Amaltheo
789 1804 921 1880 posuisti,
943 1821 1013 1862 con-

62 1902 139 1962 tenti
153 1903 270 1972 erimus,
285 1904 454 1978 praesertim
473 1922 541 1962 cum
560 1913 589 1961 et
602 1902 735 1980 Thyillus
755 1921 810 1961 nos
827 1903 971 1978 reliquerit
986 1910 1014 1960 et

64 2001 192 2059 Archias
220 2000 290 2058 nihil
318 2001 354 2059 de
378 2019 426 2059 me
454 2001 606 2077 scripserit,
632 2020 666 2060 ac
689 2019 790 2059 vereor
813 2019 860 2071 ne,
885 1999 1013 2059 Lucullis

64 2101 209 2178 quoniam
224 2099 368 2158 Graecum
388 2105 495 2176 po'e‘ma
509 2099 647 2171 condidit,
662 2117 741 2157 nunc
761 2099 798 2156 ad
817 2096 1013 2156 Caecilianam

64 2197 198 2256 fabulam
221 2207 340 2273 spectet.
395 2197 440 2254 16.
470 2197 600 2254 Antonio
626 2207 676 2254 tuo
699 2196 818 2254 nomine
840 2195 946 2270 gratias
966 2196 1014 2270 egi

64 2313 194 2370 eamque
217 2294 370 2370 epistolam
389 2293 490 2352 Mallio
510 2293 576 2352 dedi
587 2313 595 2366 ;
623 2292 661 2350 ad
683 2302 711 2350 te
732 2291 797 2349 ideo
818 2301 902 2349 antea
922 2292 1013 2349 rarius

63 2393 180 2468 scripsi,
192 2392 271 2468 quod
286 2410 346 2450 non
360 2392 504 2450 habebam
520 2392 666 2461 idoneum,
682 2388 728 2447 cui
742 2389 851 2459 darem,
866 2407 921 2447 nec
943 2391 1011 2448 satis

63 2492 204 2560 sciebam,
215 2509 274 2566 quo
289 2491 396 2548 darem.
438 2490 532 2548 Valde
546 2499 573 2549 te
588 2489 739 2548 venditavi.
786 2501 832 2562 17.
854 2487 973 2547 Cincius
988 2489 1012 2547 si

63 2587 138 2666 quid
161 2587 268 2645 adme
292 2588 333 2646 tui
357 2588 464 2664 negotii
488 2588 627 2660 detulerit,
654 2586 825 2663 suscipiam;
859 2587 911 2645 sed
934 2605 1012 2646 nunc

63 2687 163 2762 magis
185 2685 215 2742 in
236 2703 290 2743 suo
315 2695 358 2743 est
378 2696 545 2761 occupatus,
560 2687 590 2743 in
610 2703 669 2763 quo
695 2703 751 2762 ego
771 2685 798 2743 ei
818 2702 880 2744 non
900 2687 1012 2744 desum.

64 2785 125 2856 Tu,
152 2785 176 2842 si
198 2802 258 2841 uno
282 2783 311 2840 in
335 2785 402 2842 loco
424 2803 456 2843 es
477 2784 596 2850 futurus,
617 2786 731 2843 crebras
756 2784 880 2844 anobis
903 2785 1011 2854 litteras

63 2892 206 2959 exspecta
213 2901 222 2953 ;
248 2891 291 2940 ast
305 2882 401 2958 plures
419 2884 506 2942 etiarn
525 2883 587 2958 ipse
609 2884 721 2941 mittito.
775 2886 819 2942 18.
852 2882 949 2942 Velim
974 2884 1012 2941 ad

65 3000 116 3039 me
138 2981 256 3051 scribas,
277 2981 358 3039 cuius
380 2981 462 3039 modi
483 2982 519 3040 sit
535 2982 687 3052 Ἀμολθεῖον
707 2991 798 3053 tuum,
820 2999 879 3057 quo
900 2991 1011 3053 ornatu,

65 3097 125 3156 qua
152 3080 300 3150 τοποθεσίᾳ,
329 3087 356 3137 et
385 3097 459 3154 quae
487 3085 622 3155 poemata
650 3097 779 3155 quasque
810 3079 945 3138 historias
974 3079 1011 3137 de

62 3177 206 3248 Ἀμαλθείᾳ
218 3176 309 3236 habes
323 3177 360 3236 ad
374 3196 421 3236 me
436 3178 550 3236 mittas:
571 3178 650 3235 lubet
669 3178 740 3236 mihi
760 3177 854 3236 lacere
874 3178 904 3236 in
924 3176 1009 3254 Arpi-

66 3275 136 3334 nati.
177 3273 245 3351 Ego
259 3275 309 3334 tibi
325 3275 433 3352 aliquid
447 3275 483 3334 de
498 3275 570 3334 meis
585 3275 698 3355 scriptis
717 3275 844 3336 mittam:
866 3276 936 3334 nihil
950 3284 1009 3334 erat

66 3372 201 3432 absoluti.
