2432 3844
51 247 94 308 ap.
114 231 176 314 ιδ]
280 243 390 297 arrsr.
412 231 463 292 An
487 244 651 293 Arrrcurr
671 247 709 297 rr.
734 251 781 310 24.
961 251 1001 318 33

291 463 336 518 13.
378 459 436 518 AD
457 458 651 519 armenia
672 458 711 519 11.
735 479 780 533 24.

206 575 274 635 Sca.
295 575 405 636 Rouax
426 593 520 634 nausa
542 574 660 634 Snxrmr
681 593 764 634 nuc.
788 578 855 651 695.

376 700 480 742 c1cxuo
500 699 608 742 tameo
627 700 688 740 sxa.

94 819 122 858 1.
148 798 239 870 Quas
259 797 412 857 Numestio
435 797 541 856 litteras
561 797 637 869 dedi,
660 799 701 857 sic
724 807 753 856 te
778 799 812 856 iis
833 799 999 869 evocabam,

48 907 81 956 ut
109 897 191 956 nihil
214 897 308 956 acrius
336 914 432 972 neque
459 897 604 956 incitatius
632 897 693 957 fieri
720 907 837 974 posset:
867 897 904 955 ad
924 897 1001 954 illam

47 997 236 1056 celeritatem
260 995 335 1054 adde
358 996 453 1066 etiam,
473 995 497 1054 si
519 996 590 1072 quid
614 1006 706 1072 potes.
748 996 793 1055 Ac
815 1015 853 1055 ue
877 997 915 1054 sis
937 1014 1001 1072 per-

47 1097 210 1167 turbatus;
231 1095 298 1152 novi
323 1095 400 1153 enim
424 1103 452 1152 te
475 1103 503 1153 et
530 1113 591 1153 non
614 1095 726 1171 ignoro,
750 1113 838 1172 quam
861 1095 897 1154 sit
919 1111 1000 1153 amor

48 1195 156 1252 omnis
178 1193 314 1252 sollicitus
333 1203 419 1270 atque
439 1193 551 1263 anxius,
574 1193 626 1252 sed
644 1211 689 1252 res
709 1204 760 1263 est,
778 1203 809 1252 ut
826 1211 920 1270 spero,
939 1211 1000 1252 non

47 1301 113 1349 tam
145 1292 226 1351 exitu
253 1291 375 1350 molesta
402 1309 490 1368 quam
522 1291 629 1350 auditu.
674 1311 699 1350 a.
730 1292 844 1351 Vettius
871 1293 927 1364 ille,
954 1292 1000 1351 ille

49 1401 156 1449 noster
177 1390 273 1461 index,
295 1388 420 1459 Caesari,
441 1399 473 1448 ut
489 1391 688 1466 perspicimus,
709 1391 851 1468 pollicitus
872 1403 915 1450 est
937 1410 1000 1451 sese

49 1500 235 1560 curaturum,
260 1498 292 1546 ut
318 1489 348 1546 in
376 1489 501 1565 aliquam
531 1490 719 1566 suspitionem
747 1489 883 1549 facinoris
911 1490 999 1550 Curio

50 1587 133 1647 filius
168 1588 374 1658 adduceretur;
409 1588 505 1663 itaque
537 1589 696 1648 insinuatus
724 1589 755 1646 in
782 1589 1000 1649 familiaritatem

49 1687 252 1745 adulescentis
271 1695 301 1745 ct
321 1704 452 1756 eulaeo,
471 1696 566 1746 utres
586 1687 700 1758 indicat,
719 1705 806 1764 saepe
827 1705 1000 1764 congressus

50 1803 119 1843 rem
139 1786 172 1842 in
191 1803 257 1842 eum
277 1785 374 1843 locum
396 1785 523 1856 deduxit,
544 1796 576 1845 ut
597 1786 705 1846 diceret
727 1787 781 1845 sibi
801 1797 911 1846 certum
936 1804 999 1847 esse

52 1900 125 1942 cnm
151 1883 211 1942 suis
239 1883 327 1942 servis
349 1884 379 1942 in
402 1884 576 1962 Pompeium
597 1886 737 1962 impeturn
759 1885 854 1946 facere
875 1904 999 1963 eumque

53 1980 202 2040 occidere.
244 1981 313 2040 Hoc
337 1980 425 2041 Curio
448 1983 486 2041 ad
513 1994 625 2060 patrem
649 1984 757 2058 detulit,
781 1985 828 2043 ille
851 1984 888 2043 ad
912 1983 998 2042 Pom-

52 2081 176 2154 peium3
201 2097 247 2138 res
266 2080 360 2139 delata
376 2080 415 2139 ad
439 2091 572 2140 senatum
594 2092 645 2141 est.
687 2082 873 2142 Introductus
886 2082 999 2141 Vettius

53 2180 155 2252 primo
182 2179 308 2254 negabat
335 2197 367 2238 se
394 2197 534 2256 umquam
566 2198 634 2239 cum
662 2179 789 2239 Curione
819 2180 997 2251 constitisse;

53 2294 155 2353 neque
168 2276 199 2336 id
213 2295 283 2336 sane
293 2278 355 2336 diu:
376 2296 445 2336 nam
460 2279 556 2336 statim
569 2278 657 2336 fidem
671 2278 816 2354 publicam
828 2277 981 2353 postulavit
988 2299 996 2350 ;

53 2378 246 2436 reclamatum
260 2388 312 2436 est.
353 2377 433 2436 Tum
448 2378 582 2453 exposuit
600 2396 721 2436 manum
737 2376 826 2435 fuisse
846 2377 998 2434 iuventutis

53 2476 134 2536 duce
152 2475 288 2548 Curione,
313 2478 418 2554 inqua
436 2477 542 2536 Paulus
561 2477 642 2536 initio
661 2476 761 2536 fuisset
781 2483 810 2534 et
829 2474 866 2546 Q.
887 2474 997 2551 Caepio

54 2574 103 2634 hic
132 2573 239 2635 Brutus
265 2585 294 2634 et
318 2576 465 2648 Lentulus,
493 2575 618 2635 flaminis
645 2576 727 2648 filius,
755 2575 873 2634 conscio
898 2587 996 2649 patre;

53 2683 161 2748 postea
183 2673 217 2733 C.
243 2674 424 2750 Septimium,
449 2676 573 2734 scribam
597 2674 702 2756 Bibuli,
723 2676 882 2750 pugionem
904 2674 958 2732 sibi
980 2691 998 2731 a

54 2771 163 2830 Bibulo
177 2773 316 2833 attulisse:
336 2774 416 2850 quod
431 2783 524 2832 totum
538 2774 652 2832 irrisum
666 2783 717 2845 est,
726 2773 824 2831 Vettio
839 2773 997 2850 pugionem

54 2871 194 2940 defuisse,
213 2872 268 2930 nisi
288 2872 315 2930 ei
334 2872 437 2931 consul
453 2871 588 2942 dedisset,
608 2890 703 2948 eoque
721 2872 815 2948 magis
830 2870 859 2928 id
873 2870 994 2930 eiectum

54 2978 109 3039 est,
130 2970 211 3046 quod
230 2988 254 3028 a.
268 2970 293 3028 d.
314 2989 356 3028 m.
377 2970 448 3029 Idus
469 2969 538 3028 Mai.
557 2969 678 3029 Bibulus
699 2970 873 3048 Pompeium
891 2969 994 3028 fecerat

54 3069 218 3139 certiorem,
232 3078 264 3126 ut
278 3079 390 3128 caveret
403 3068 541 3141 insidias;
563 3069 593 3126 in
607 3087 666 3145 quo
679 3069 706 3127 ei
721 3069 875 3146 Pompeius
889 3069 994 3144 gratias

55 3175 165 3243 egerat.
208 3186 234 3242 3.
264 3166 449 3227 Introductus
471 3166 558 3226 Curio
586 3166 661 3226 filius
689 3167 759 3225 dixit
786 3167 824 3224 ad
851 3185 894 3237 ea,
922 3185 996 3242 quae

55 3265 171 3324 Vettius
198 3267 317 3336 dixerat,
341 3267 525 3342 maximeque
551 3266 581 3323 in
605 3284 642 3324 eo
662 3276 724 3324 turn
745 3266 862 3342 quidem
883 3265 995 3324 Vettius

56 3374 101 3422 est
125 3364 326 3440 reprehensus
348 3365 429 3441 quod
450 3365 561 3423 dixerat
584 3364 809 3423 adulescentium
833 3364 994 3430 consilium,

56 3473 89 3520 ut
107 3463 138 3520 in
156 3462 221 3521 foro
236 3459 329 3546 [cum]
351 3464 556 3540 gladiatoribus
576 3463 693 3523 Gabinii
710 3462 882 3539 Pompeium
901 3461 995 3520 adori-

519 3580 539 3620 o
