<?xml version="1.0" encoding="UTF-8"?>
<!DOCTYPE html PUBLIC "-//W3C//DTD XHTML 1.0 Transitional//EN"
    "http://www.w3.org/TR/xhtml1/DTD/xhtml1-transitional.dtd">
<html xmlns="http://www.w3.org/1999/xhtml" xml:lang="en" lang="en">
 <head>
  <title>
</title>
<meta http-equiv="Content-Type" content="text/html;charset=utf-8" />
  <meta name='ocr-system' content='tesseract 3.04.00' />
  <meta name='ocr-capabilities' content='ocr_page ocr_carea ocr_par ocr_line ocrx_word'/>
</head>
<body>
  <div class='ocr_page' id='page_1' title='image "./epistolaeselect00watsgoog/epistolaeselect00watsgoog_0109.png"; bbox 0 0 2454 3842; ppageno 0'>
   <div class='ocr_carea' id='block_1_1' title="bbox 198 209 1211 291">
    <p class='ocr_par' dir='ltr' id='par_1_1' title="bbox 198 209 1211 291">
     <span class='ocr_line' id='line_1_1' title="bbox 198 209 1211 291; baseline -0.006 -17"><span class='ocrx_word' id='word_1_1' title='bbox 198 209 239 274; x_wconf 88' lang='lat'>88</span> <span class='ocrx_word' id='word_1_2' title='bbox 470 223 508 270; x_wconf 78' lang='lat' dir='ltr'>n.</span> <span class='ocrx_word' id='word_1_3' title='bbox 535 222 659 271; x_wconf 82' lang='lat' dir='ltr'>rurrrr</span> <span class='ocrx_word' id='word_1_4' title='bbox 680 221 870 270; x_wconf 79' lang='lat' dir='ltr'>crcrnonrs</span> <span class='ocrx_word' id='word_1_5' title='bbox 1026 209 1093 291; x_wconf 72' lang='lat' dir='ltr'>[rm</span> <span class='ocrx_word' id='word_1_6' title='bbox 1107 224 1135 270; x_wconf 88' lang='lat' dir='ltr'>n.</span> <span class='ocrx_word' id='word_1_7' title='bbox 1210 237 1211 240; x_wconf 18' lang='grc' dir='ltr'>π</span> 
     </span>
    </p>
   </div>
   <div class='ocr_carea' id='block_1_2' title="bbox 194 371 1212 2329">
    <p class='ocr_par' dir='ltr' id='par_1_2' title="bbox 194 371 1212 1339">
     <span class='ocr_line' id='line_1_2' title="bbox 194 371 1136 452; baseline -0.002 -20"><span class='ocrx_word' id='word_1_8' title='bbox 194 373 277 452; x_wconf 94' lang='lat' dir='ltr'>quod</span> <span class='ocrx_word' id='word_1_9' title='bbox 296 372 358 432; x_wconf 92' lang='lat' dir='ltr'>sine</span> <span class='ocrx_word' id='word_1_10' title='bbox 376 371 442 449; x_wconf 88' lang='lat' dir='ltr'>lege</span> <span class='ocrx_word' id='word_1_11' title='bbox 460 372 570 432; x_wconf 86' lang='lat' dir='ltr'>curiata</span> <span class='ocrx_word' id='word_1_12' title='bbox 593 373 643 431; x_wconf 93' lang='lat' dir='ltr'>tibi</span> <span class='ocrx_word' id='word_1_13' title='bbox 663 373 853 444; x_wconf 86' lang='lat' dir='ltr'>succedatur;</span> <span class='ocrx_word' id='word_1_14' title='bbox 876 381 944 430; x_wconf 93' lang='lat' dir='ltr'>sunt</span> <span class='ocrx_word' id='word_1_15' title='bbox 965 373 1064 444; x_wconf 88' lang='lat' dir='ltr'>etiam,</span> <span class='ocrx_word' id='word_1_16' title='bbox 1084 373 1136 449; x_wconf 92' lang='lat' dir='ltr'>qui,</span> 
     </span>
     <span class='ocr_line' id='line_1_3' title="bbox 195 470 1138 549; baseline -0.003 -18"><span class='ocrx_word' id='word_1_17' title='bbox 195 475 219 532; x_wconf 96' lang='lat' dir='ltr'>si</span> <span class='ocrx_word' id='word_1_18' title='bbox 243 472 378 542; x_wconf 77' lang='lat' dir='ltr'>decedas,</span> <span class='ocrx_word' id='word_1_19' title='bbox 404 491 421 530; x_wconf 88' lang='lat' dir='ltr'>a</span> <span class='ocrx_word' id='word_1_20' title='bbox 450 483 478 530; x_wconf 90' lang='lat' dir='ltr'>te</span> <span class='ocrx_word' id='word_1_21' title='bbox 501 470 623 548; x_wconf 87' lang='lat' dir='ltr'>relinqui</span> <span class='ocrx_word' id='word_1_22' title='bbox 646 489 734 548; x_wconf 91' lang='lat' dir='ltr'>posse</span> <span class='ocrx_word' id='word_1_23' title='bbox 758 471 809 547; x_wconf 90' lang='lat' dir='ltr'>qui</span> <span class='ocrx_word' id='word_1_24' title='bbox 830 471 999 546; x_wconf 88' lang='lat' dir='ltr'>provinciae</span> <span class='ocrx_word' id='word_1_25' title='bbox 1028 474 1138 549; x_wconf 88' lang='lat' dir='ltr'>praesit.</span> 
     </span>
     <span class='ocr_line' id='line_1_4' title="bbox 195 570 1142 646; baseline -0.001 -16"><span class='ocrx_word' id='word_1_26' title='bbox 195 571 270 630; x_wconf 88' lang='lat' dir='ltr'>Mihi</span> <span class='ocrx_word' id='word_1_27' title='bbox 294 581 442 630; x_wconf 86' lang='lat' dir='ltr'>nontam</span> <span class='ocrx_word' id='word_1_28' title='bbox 463 570 499 628; x_wconf 93' lang='lat' dir='ltr'>de</span> <span class='ocrx_word' id='word_1_29' title='bbox 524 571 585 628; x_wconf 88' lang='lat' dir='ltr'>iure</span> <span class='ocrx_word' id='word_1_30' title='bbox 614 581 726 628; x_wconf 90' lang='lat' dir='ltr'>certum</span> <span class='ocrx_word' id='word_1_31' title='bbox 754 580 1023 646; x_wconf 85' lang='lat' dir='ltr'>est—quamquam</span> <span class='ocrx_word' id='word_1_32' title='bbox 1052 589 1090 630; x_wconf 91' lang='lat' dir='ltr'>ne</span> <span class='ocrx_word' id='word_1_33' title='bbox 1115 570 1142 629; x_wconf 90' lang='lat' dir='ltr'>id</span> 
     </span>
     <span class='ocr_line' id='line_1_5' title="bbox 194 668 1212 748; baseline -0.002 -19"><span class='ocrx_word' id='word_1_34' title='bbox 194 671 313 748; x_wconf 90' lang='lat' dir='ltr'>quidem</span> <span class='ocrx_word' id='word_1_35' title='bbox 328 670 411 729; x_wconf 84' lang='lat' dir='ltr'>valde</span> <span class='ocrx_word' id='word_1_36' title='bbox 426 669 547 728; x_wconf 90' lang='lat' dir='ltr'>dubium</span> <span class='ocrx_word' id='word_1_37' title='bbox 561 679 734 746; x_wconf 79' lang='lat' dir='ltr'>est-quam</span> <span class='ocrx_word' id='word_1_38' title='bbox 749 669 826 738; x_wconf 89' lang='lat' dir='ltr'>illud,</span> <span class='ocrx_word' id='word_1_39' title='bbox 842 668 881 727; x_wconf 88' lang='lat' dir='ltr'>ad</span> <span class='ocrx_word' id='word_1_40' title='bbox 898 681 980 729; x_wconf 88' lang='lat' dir='ltr'>tuam</span> <span class='ocrx_word' id='word_1_41' title='bbox 998 688 1141 728; x_wconf 89' lang='lat' dir='ltr'>summam</span> <span class='ocrx_word' id='word_1_42' title='bbox 1211 675 1212 678; x_wconf 75' lang='grc'>’</span> 
     </span>
     <span class='ocr_line' id='line_1_6' title="bbox 194 769 1142 860; baseline -0.002 -32"><span class='ocrx_word' id='word_1_43' title='bbox 194 770 422 860; x_wconf 75' lang='lat' dir='ltr'>amplitudinem,</span> <span class='ocrx_word' id='word_1_44' title='bbox 445 769 625 845; x_wconf 82' lang='lat' dir='ltr'>dignitatem,</span> <span class='ocrx_word' id='word_1_45' title='bbox 645 769 815 840; x_wconf 91' lang='lat' dir='ltr'>libertatem,</span> <span class='ocrx_word' id='word_1_46' title='bbox 837 779 946 845; x_wconf 88' lang='lat' dir='ltr'>quate</span> <span class='ocrx_word' id='word_1_47' title='bbox 967 771 1032 828; x_wconf 93' lang='lat' dir='ltr'>scio</span> <span class='ocrx_word' id='word_1_48' title='bbox 1054 770 1142 828; x_wconf 87' lang='lat' dir='ltr'>liben-</span> 
     </span>
     <span class='ocr_line' id='line_1_7' title="bbox 194 868 1143 945; baseline -0.001 -17"><span class='ocrx_word' id='word_1_49' title='bbox 194 872 306 929; x_wconf 88' lang='lat' dir='ltr'>tissime</span> <span class='ocrx_word' id='word_1_50' title='bbox 335 869 390 928; x_wconf 93' lang='lat' dir='ltr'>frui</span> <span class='ocrx_word' id='word_1_51' title='bbox 419 868 522 938; x_wconf 90' lang='lat' dir='ltr'>solere,</span> <span class='ocrx_word' id='word_1_52' title='bbox 551 869 695 943; x_wconf 88' lang='lat' dir='ltr'>pertinere</span> <span class='ocrx_word' id='word_1_53' title='bbox 725 877 753 926; x_wconf 90' lang='lat' dir='ltr'>te</span> <span class='ocrx_word' id='word_1_54' title='bbox 785 868 847 926; x_wconf 89' lang='lat' dir='ltr'>sine</span> <span class='ocrx_word' id='word_1_55' title='bbox 875 868 934 926; x_wconf 89' lang='lat' dir='ltr'>ulla</span> <span class='ocrx_word' id='word_1_56' title='bbox 962 886 1050 926; x_wconf 88' lang='lat' dir='ltr'>mora</span> <span class='ocrx_word' id='word_1_57' title='bbox 1081 887 1143 945; x_wconf 85' lang='lat' dir='ltr'>pro</span> 
     </span>
     <span class='ocr_line' id='line_1_8' title="bbox 194 965 1144 1042; baseline -0.003 -14"><span class='ocrx_word' id='word_1_58' title='bbox 194 970 319 1028; x_wconf 84' lang='lat' dir='ltr'>vinciam</span> <span class='ocrx_word' id='word_1_59' title='bbox 361 968 522 1026; x_wconf 89' lang='lat' dir='ltr'>successori</span> <span class='ocrx_word' id='word_1_60' title='bbox 559 965 730 1036; x_wconf 85' lang='lat' dir='ltr'>concedere,</span> <span class='ocrx_word' id='word_1_61' title='bbox 767 966 937 1042; x_wconf 87' lang='lat' dir='ltr'>praesertim</span> <span class='ocrx_word' id='word_1_62' title='bbox 978 985 1050 1026; x_wconf 91' lang='lat' dir='ltr'>cum</span> <span class='ocrx_word' id='word_1_63' title='bbox 1088 969 1144 1026; x_wconf 90' lang='lat' dir='ltr'>sine</span> 
     </span>
     <span class='ocr_line' id='line_1_9' title="bbox 196 1064 1145 1144; baseline -0.002 -18"><span class='ocrx_word' id='word_1_64' title='bbox 196 1069 356 1144; x_wconf 85' lang='lat' dir='ltr'>suspitione</span> <span class='ocrx_word' id='word_1_65' title='bbox 382 1078 449 1124; x_wconf 88' lang='lat' dir='ltr'>tuae</span> <span class='ocrx_word' id='word_1_66' title='bbox 468 1064 631 1141; x_wconf 88' lang='lat' dir='ltr'>cupiditatis</span> <span class='ocrx_word' id='word_1_67' title='bbox 652 1082 714 1122; x_wconf 93' lang='lat' dir='ltr'>non</span> <span class='ocrx_word' id='word_1_68' title='bbox 738 1065 835 1140; x_wconf 89' lang='lat' dir='ltr'>possis</span> <span class='ocrx_word' id='word_1_69' title='bbox 859 1064 932 1122; x_wconf 92' lang='lat' dir='ltr'>illius</span> <span class='ocrx_word' id='word_1_70' title='bbox 955 1066 1145 1141; x_wconf 86' lang='lat' dir='ltr'>cupiditatem</span> 
     </span>
     <span class='ocr_line' id='line_1_10' title="bbox 194 1164 1145 1241; baseline -0.001 -17"><span class='ocrx_word' id='word_1_71' title='bbox 194 1165 328 1227; x_wconf 91' lang='lat' dir='ltr'>refutare.</span> <span class='ocrx_word' id='word_1_72' title='bbox 355 1165 422 1241; x_wconf 86' lang='lat' dir='ltr'>Ego</span> <span class='ocrx_word' id='word_1_73' title='bbox 436 1171 590 1240; x_wconf 84' lang='lat' dir='ltr'>utrumque</span> <span class='ocrx_word' id='word_1_74' title='bbox 603 1181 703 1221; x_wconf 90' lang='lat' dir='ltr'>meum</span> <span class='ocrx_word' id='word_1_75' title='bbox 717 1172 789 1239; x_wconf 95' lang='lat' dir='ltr'>puto</span> <span class='ocrx_word' id='word_1_76' title='bbox 804 1181 878 1234; x_wconf 90' lang='lat' dir='ltr'>esse,</span> <span class='ocrx_word' id='word_1_77' title='bbox 892 1173 921 1222; x_wconf 91' lang='lat' dir='ltr'>et</span> <span class='ocrx_word' id='word_1_78' title='bbox 935 1164 1008 1240; x_wconf 92' lang='lat' dir='ltr'>quid</span> <span class='ocrx_word' id='word_1_79' title='bbox 1022 1166 1145 1223; x_wconf 88' lang='lat' dir='ltr'>sentiam</span> 
     </span>
     <span class='ocr_line' id='line_1_11' title="bbox 195 1261 784 1339; baseline -0.007 -15"><span class='ocrx_word' id='word_1_80' title='bbox 195 1266 350 1324; x_wconf 90' lang='lat' dir='ltr'>ostendere</span> <span class='ocrx_word' id='word_1_81' title='bbox 365 1272 393 1322; x_wconf 89' lang='lat' dir='ltr'>et</span> <span class='ocrx_word' id='word_1_82' title='bbox 406 1263 487 1339; x_wconf 92' lang='lat' dir='ltr'>quod</span> <span class='ocrx_word' id='word_1_83' title='bbox 501 1263 604 1321; x_wconf 89' lang='lat' dir='ltr'>feceris</span> <span class='ocrx_word' id='word_1_84' title='bbox 619 1261 784 1322; x_wconf 85' lang='lat' dir='ltr'>defendere.</span> 
     </span>
    </p>

    <p class='ocr_par' dir='ltr' id='par_1_3' title="bbox 195 1360 1152 2329">
     <span class='ocr_line' id='line_1_12' title="bbox 240 1360 1146 1438; baseline 0 -18"><span class='ocrx_word' id='word_1_85' title='bbox 240 1364 286 1422; x_wconf 86' lang='lat'>26.</span> <span class='ocrx_word' id='word_1_86' title='bbox 310 1362 423 1438; x_wconf 86' lang='lat' dir='ltr'>Scripta</span> <span class='ocrx_word' id='word_1_87' title='bbox 443 1363 502 1420; x_wconf 89' lang='lat' dir='ltr'>iam</span> <span class='ocrx_word' id='word_1_88' title='bbox 522 1360 645 1438; x_wconf 87' lang='lat' dir='ltr'>epistola</span> <span class='ocrx_word' id='word_1_89' title='bbox 666 1361 813 1438; x_wconf 91' lang='lat' dir='ltr'>superiore</span> <span class='ocrx_word' id='word_1_90' title='bbox 835 1361 935 1436; x_wconf 89' lang='lat' dir='ltr'>accepi</span> <span class='ocrx_word' id='word_1_91' title='bbox 954 1371 1021 1420; x_wconf 89' lang='lat' dir='ltr'>tuas</span> <span class='ocrx_word' id='word_1_92' title='bbox 1039 1361 1146 1420; x_wconf 86' lang='lat' dir='ltr'>litteras</span> 
     </span>
     <span class='ocr_line' id='line_1_13' title="bbox 195 1460 1147 1538; baseline -0.004 -18"><span class='ocrx_word' id='word_1_93' title='bbox 195 1463 233 1520; x_wconf 88' lang='lat' dir='ltr'>de</span> <span class='ocrx_word' id='word_1_94' title='bbox 252 1461 422 1538; x_wconf 88' lang='lat' dir='ltr'>publicanis,</span> <span class='ocrx_word' id='word_1_95' title='bbox 436 1463 467 1518; x_wconf 86' lang='lat' dir='ltr'>in</span> <span class='ocrx_word' id='word_1_96' title='bbox 486 1461 590 1537; x_wconf 90' lang='lat' dir='ltr'>quibus</span> <span class='ocrx_word' id='word_1_97' title='bbox 610 1460 784 1536; x_wconf 88' lang='lat' dir='ltr'>aequitatem</span> <span class='ocrx_word' id='word_1_98' title='bbox 802 1468 882 1517; x_wconf 88' lang='lat' dir='ltr'>tuam</span> <span class='ocrx_word' id='word_1_99' title='bbox 901 1477 964 1518; x_wconf 94' lang='lat' dir='ltr'>non</span> <span class='ocrx_word' id='word_1_100' title='bbox 981 1462 1067 1535; x_wconf 91' lang='lat' dir='ltr'>potui</span> <span class='ocrx_word' id='word_1_101' title='bbox 1087 1478 1147 1519; x_wconf 90' lang='lat' dir='ltr'>non</span> 
     </span>
     <span class='ocr_line' id='line_1_14' title="bbox 195 1558 1147 1637; baseline -0.002 -19"><span class='ocrx_word' id='word_1_102' title='bbox 195 1561 337 1637; x_wconf 88' lang='lat' dir='ltr'>probare;</span> <span class='ocrx_word' id='word_1_103' title='bbox 359 1559 492 1619; x_wconf 78' lang='lat' dir='ltr'>facilitate</span> <span class='ocrx_word' id='word_1_104' title='bbox 514 1558 632 1636; x_wconf 91' lang='lat' dir='ltr'>quidem</span> <span class='ocrx_word' id='word_1_105' title='bbox 652 1558 756 1618; x_wconf 90' lang='lat' dir='ltr'>vellem</span> <span class='ocrx_word' id='word_1_106' title='bbox 775 1558 916 1634; x_wconf 91' lang='lat' dir='ltr'>consequi</span> <span class='ocrx_word' id='word_1_107' title='bbox 936 1560 1095 1634; x_wconf 87' lang='lat' dir='ltr'>potuisses,</span> <span class='ocrx_word' id='word_1_108' title='bbox 1111 1577 1147 1617; x_wconf 90' lang='lat' dir='ltr'>ne</span> 
     </span>
     <span class='ocr_line' id='line_1_15' title="bbox 196 1657 1148 1735; baseline -0.003 -16"><span class='ocrx_word' id='word_1_109' title='bbox 196 1660 258 1719; x_wconf 91' lang='lat' dir='ltr'>eius</span> <span class='ocrx_word' id='word_1_110' title='bbox 280 1658 398 1729; x_wconf 89' lang='lat' dir='ltr'>ordinis,</span> <span class='ocrx_word' id='word_1_111' title='bbox 420 1676 507 1735; x_wconf 92' lang='lat' dir='ltr'>quem</span> <span class='ocrx_word' id='word_1_112' title='bbox 530 1675 645 1733; x_wconf 88' lang='lat' dir='ltr'>semper</span> <span class='ocrx_word' id='word_1_113' title='bbox 667 1657 786 1728; x_wconf 86' lang='lat' dir='ltr'>omasti‚</span> <span class='ocrx_word' id='word_1_114' title='bbox 807 1676 870 1716; x_wconf 92' lang='lat' dir='ltr'>rem</span> <span class='ocrx_word' id='word_1_115' title='bbox 893 1666 942 1716; x_wconf 92' lang='lat' dir='ltr'>aut</span> <span class='ocrx_word' id='word_1_116' title='bbox 967 1658 1148 1718; x_wconf 88' lang='lat' dir='ltr'>voluntatem</span> 
     </span>
     <span class='ocr_line' id='line_1_16' title="bbox 197 1755 1148 1834; baseline -0.002 -17"><span class='ocrx_word' id='word_1_117' title='bbox 197 1757 371 1817; x_wconf 88' lang='lat' dir='ltr'>offenderes.</span> <span class='ocrx_word' id='word_1_118' title='bbox 408 1756 554 1834; x_wconf 86' lang='lat' dir='ltr'>Equidem</span> <span class='ocrx_word' id='word_1_119' title='bbox 568 1773 629 1814; x_wconf 91' lang='lat' dir='ltr'>non</span> <span class='ocrx_word' id='word_1_120' title='bbox 644 1755 774 1814; x_wconf 90' lang='lat' dir='ltr'>desinam</span> <span class='ocrx_word' id='word_1_121' title='bbox 785 1765 834 1814; x_wconf 89' lang='lat' dir='ltr'>tua</span> <span class='ocrx_word' id='word_1_122' title='bbox 845 1756 961 1816; x_wconf 88' lang='lat' dir='ltr'>decreta</span> <span class='ocrx_word' id='word_1_123' title='bbox 972 1757 1132 1818; x_wconf 85' lang='lat' dir='ltr'>defendere</span> <span class='ocrx_word' id='word_1_124' title='bbox 1140 1779 1148 1830; x_wconf 82' lang='lat'><em>3</em></span> 
     </span>
     <span class='ocr_line' id='line_1_17' title="bbox 196 1854 1151 1931; baseline -0.002 -15"><span class='ocrx_word' id='word_1_125' title='bbox 196 1857 249 1916; x_wconf 90' lang='lat' dir='ltr'>sed</span> <span class='ocrx_word' id='word_1_126' title='bbox 272 1857 349 1915; x_wconf 90' lang='lat' dir='ltr'>nosti</span> <span class='ocrx_word' id='word_1_127' title='bbox 372 1855 616 1915; x_wconf 91' lang='lat' dir='ltr'>consuetudinem</span> <span class='ocrx_word' id='word_1_128' title='bbox 640 1854 812 1926; x_wconf 80' lang='lat' dir='ltr'>hominum3</span> <span class='ocrx_word' id='word_1_129' title='bbox 835 1854 893 1913; x_wconf 93' lang='lat' dir='ltr'>scis</span> <span class='ocrx_word' id='word_1_130' title='bbox 913 1873 1002 1931; x_wconf 90' lang='lat' dir='ltr'>quam</span> <span class='ocrx_word' id='word_1_131' title='bbox 1023 1857 1151 1931; x_wconf 86' lang='lat' dir='ltr'>graviter</span> 
     </span>
     <span class='ocr_line' id='line_1_18' title="bbox 196 1953 1149 2032; baseline -0.002 -17"><span class='ocrx_word' id='word_1_132' title='bbox 196 1955 304 2015; x_wconf 91' lang='lat' dir='ltr'>inimici</span> <span class='ocrx_word' id='word_1_133' title='bbox 332 1956 387 2032; x_wconf 91' lang='lat' dir='ltr'>ipsi</span> <span class='ocrx_word' id='word_1_134' title='bbox 414 1955 453 2013; x_wconf 86' lang='lat' dir='ltr'>illi</span> <span class='ocrx_word' id='word_1_135' title='bbox 482 1953 519 2026; x_wconf 87' lang='lat' dir='ltr'>Q.</span> <span class='ocrx_word' id='word_1_136' title='bbox 546 1953 703 2012; x_wconf 88' lang='lat' dir='ltr'>Scaevolae</span> <span class='ocrx_word' id='word_1_137' title='bbox 731 1953 837 2012; x_wconf 90' lang='lat' dir='ltr'>fuerint</span> <span class='ocrx_word' id='word_1_138' title='bbox 844 1973 852 2026; x_wconf 90' lang='lat'>;</span> <span class='ocrx_word' id='word_1_139' title='bbox 881 1954 933 2012; x_wconf 92' lang='lat' dir='ltr'>tibi</span> <span class='ocrx_word' id='word_1_140' title='bbox 956 1963 1056 2013; x_wconf 89' lang='lat' dir='ltr'>tamen</span> <span class='ocrx_word' id='word_1_141' title='bbox 1083 1973 1149 2014; x_wconf 92' lang='lat' dir='ltr'>sum</span> 
     </span>
     <span class='ocr_line' id='line_1_19' title="bbox 196 2051 1152 2130; baseline -0.002 -16"><span class='ocrx_word' id='word_1_142' title='bbox 196 2065 306 2125; x_wconf 90' lang='lat' dir='ltr'>auctor,</span> <span class='ocrx_word' id='word_1_143' title='bbox 320 2065 362 2126; x_wconf 90' lang='lat' dir='ltr'>ut,</span> <span class='ocrx_word' id='word_1_144' title='bbox 381 2054 406 2113; x_wconf 91' lang='lat' dir='ltr'>si</span> <span class='ocrx_word' id='word_1_145' title='bbox 424 2054 530 2130; x_wconf 90' lang='lat' dir='ltr'>quibus</span> <span class='ocrx_word' id='word_1_146' title='bbox 550 2052 636 2110; x_wconf 90' lang='lat' dir='ltr'>rebus</span> <span class='ocrx_word' id='word_1_147' title='bbox 657 2052 762 2128; x_wconf 92' lang='lat' dir='ltr'>possis,</span> <span class='ocrx_word' id='word_1_148' title='bbox 780 2070 848 2110; x_wconf 89' lang='lat' dir='ltr'>eum</span> <span class='ocrx_word' id='word_1_149' title='bbox 869 2051 920 2110; x_wconf 90' lang='lat' dir='ltr'>tibi</span> <span class='ocrx_word' id='word_1_150' title='bbox 941 2053 1078 2112; x_wconf 90' lang='lat' dir='ltr'>ordinem</span> <span class='ocrx_word' id='word_1_151' title='bbox 1101 2066 1152 2112; x_wconf 88' lang='lat' dir='ltr'>aut</span> 
     </span>
     <span class='ocr_line' id='line_1_20' title="bbox 196 2151 1151 2227; baseline -0.004 -13"><span class='ocrx_word' id='word_1_152' title='bbox 196 2153 365 2214; x_wconf 90' lang='lat' dir='ltr'>reconcilies</span> <span class='ocrx_word' id='word_1_153' title='bbox 387 2163 437 2210; x_wconf 93' lang='lat' dir='ltr'>aut</span> <span class='ocrx_word' id='word_1_154' title='bbox 457 2152 589 2227; x_wconf 85' lang='lat' dir='ltr'>mitiges:</span> <span class='ocrx_word' id='word_1_155' title='bbox 615 2151 646 2209; x_wconf 93' lang='lat' dir='ltr'>id</span> <span class='ocrx_word' id='word_1_156' title='bbox 667 2151 720 2209; x_wconf 91' lang='lat' dir='ltr'>etsi</span> <span class='ocrx_word' id='word_1_157' title='bbox 742 2151 856 2209; x_wconf 87' lang='lat' dir='ltr'>difficile</span> <span class='ocrx_word' id='word_1_158' title='bbox 876 2161 929 2223; x_wconf 90' lang='lat' dir='ltr'>est,</span> <span class='ocrx_word' id='word_1_159' title='bbox 950 2161 1049 2210; x_wconf 88' lang='lat' dir='ltr'>tamen</span> <span class='ocrx_word' id='word_1_160' title='bbox 1076 2153 1151 2212; x_wconf 90' lang='lat' dir='ltr'>mihi</span> 
     </span>
     <span class='ocr_line' id='line_1_21' title="bbox 196 2251 660 2329; baseline -0.002 -18"><span class='ocrx_word' id='word_1_161' title='bbox 196 2254 309 2316; x_wconf 89' lang='lat' dir='ltr'>videtur</span> <span class='ocrx_word' id='word_1_162' title='bbox 323 2271 387 2313; x_wconf 90' lang='lat' dir='ltr'>esse</span> <span class='ocrx_word' id='word_1_163' title='bbox 401 2251 570 2329; x_wconf 89' lang='lat' dir='ltr'>prudentiae</span> <span class='ocrx_word' id='word_1_164' title='bbox 585 2260 660 2310; x_wconf 89' lang='lat' dir='ltr'>tuae.</span> 
     </span>
    </p>
   </div>
   <div class='ocr_carea' id='block_1_3' title="bbox 412 2423 943 2489">
    <p class='ocr_par' dir='ltr' id='par_1_4' title="bbox 412 2423 943 2489">
     <span class='ocr_line' id='line_1_22' title="bbox 412 2423 943 2489; baseline -0.009 0"><span class='ocrx_word' id='word_1_165' title='bbox 412 2435 458 2489; x_wconf 84' lang='lat'>30.</span> <span class='ocrx_word' id='word_1_166' title='bbox 501 2426 559 2486; x_wconf 83' lang='lat' dir='ltr'>AD</span> <span class='ocrx_word' id='word_1_167' title='bbox 580 2423 833 2485; x_wconf 84' lang='lat' dir='ltr'><strong>FAMILIARES</strong></span> <span class='ocrx_word' id='word_1_168' title='bbox 855 2425 894 2486; x_wconf 92' lang='lat' dir='ltr'>II.</span> <span class='ocrx_word' id='word_1_169' title='bbox 916 2429 943 2484; x_wconf 86' lang='grc'>6.</span> 
     </span>
    </p>
   </div>
   <div class='ocr_carea' id='block_1_4' title="bbox 459 2542 893 2711">
    <p class='ocr_par' dir='ltr' id='par_1_5' title="bbox 459 2542 893 2711">
     <span class='ocr_line' id='line_1_23' title="bbox 484 2542 862 2616; baseline -0.008 -13"><span class='ocrx_word' id='word_1_170' title='bbox 484 2544 549 2603; x_wconf 84' lang='lat' dir='ltr'>Scn.</span> <span class='ocrx_word' id='word_1_171' title='bbox 566 2542 677 2602; x_wconf 76' lang='lat' dir='ltr'>Roman</span> <span class='ocrx_word' id='word_1_172' title='bbox 694 2560 778 2601; x_wconf 71' lang='lat' dir='ltr'>nuc.</span> <span class='ocrx_word' id='word_1_173' title='bbox 796 2555 862 2616; x_wconf 84' lang='lat'>701.</span> 
     </span>
     <span class='ocr_line' id='line_1_24' title="bbox 459 2665 893 2711; baseline -0.007 -1"><span class='ocrx_word' id='word_1_174' title='bbox 459 2671 489 2710; x_wconf 86' lang='lat' dir='ltr'>nr.</span> <span class='ocrx_word' id='word_1_175' title='bbox 511 2665 614 2711; x_wconf 83' lang='lat' dir='ltr'>crcrno</span> <span class='ocrx_word' id='word_1_176' title='bbox 638 2667 660 2708; x_wconf 91' lang='lat' dir='ltr'>s.</span> <span class='ocrx_word' id='word_1_177' title='bbox 676 2667 703 2707; x_wconf 88' lang='lat' dir='ltr'>n.</span> <span class='ocrx_word' id='word_1_178' title='bbox 719 2666 743 2708; x_wconf 90' lang='lat' dir='ltr'>c.</span> <span class='ocrx_word' id='word_1_179' title='bbox 766 2666 893 2708; x_wconf 81' lang='lat' dir='ltr'>cunroru.</span> 
     </span>
    </p>
   </div>
   <div class='ocr_carea' id='block_1_5' title="bbox 199 2762 1153 3530">
    <p class='ocr_par' dir='ltr' id='par_1_6' title="bbox 199 2762 1153 3530">
     <span class='ocr_line' id='line_1_25' title="bbox 245 2762 1153 2835; baseline 0.002 -13"><span class='ocrx_word' id='word_1_180' title='bbox 245 2785 269 2823; x_wconf 93' lang='lat'>1.</span> <span class='ocrx_word' id='word_1_181' title='bbox 292 2764 424 2824; x_wconf 82' lang='lat' dir='ltr'>Nonnuu</span> <span class='ocrx_word' id='word_1_182' title='bbox 438 2775 499 2823; x_wconf 91' lang='lat' dir='ltr'>erat</span> <span class='ocrx_word' id='word_1_183' title='bbox 515 2765 645 2824; x_wconf 88' lang='lat' dir='ltr'>auditum</span> <span class='ocrx_word' id='word_1_184' title='bbox 664 2774 692 2822; x_wconf 90' lang='lat' dir='ltr'>te</span> <span class='ocrx_word' id='word_1_185' title='bbox 712 2764 749 2821; x_wconf 90' lang='lat' dir='ltr'>ad</span> <span class='ocrx_word' id='word_1_186' title='bbox 766 2762 880 2821; x_wconf 85' lang='lat' dir='ltr'>Italiam</span> <span class='ocrx_word' id='word_1_187' title='bbox 901 2764 1066 2835; x_wconf 88' lang='lat' dir='ltr'>adventare,</span> <span class='ocrx_word' id='word_1_188' title='bbox 1080 2783 1153 2824; x_wconf 91' lang='lat' dir='ltr'>cum</span> 
     </span>
     <span class='ocr_line' id='line_1_26' title="bbox 201 2862 1153 2932; baseline -0.002 -9"><span class='ocrx_word' id='word_1_189' title='bbox 201 2864 269 2923; x_wconf 86' lang='lat' dir='ltr'>Sex.</span> <span class='ocrx_word' id='word_1_190' title='bbox 280 2863 409 2932; x_wconf 82' lang='lat' dir='ltr'>Villium,</span> <span class='ocrx_word' id='word_1_191' title='bbox 421 2862 543 2922; x_wconf 92' lang='lat' dir='ltr'>Milonis</span> <span class='ocrx_word' id='word_1_192' title='bbox 554 2864 612 2922; x_wconf 89' lang='lat' dir='ltr'>mei</span> <span class='ocrx_word' id='word_1_193' title='bbox 626 2863 804 2932; x_wconf 88' lang='lat' dir='ltr'>familiarem,</span> <span class='ocrx_word' id='word_1_194' title='bbox 814 2880 882 2920; x_wconf 92' lang='lat' dir='ltr'>cum</span> <span class='ocrx_word' id='word_1_195' title='bbox 896 2862 940 2920; x_wconf 92' lang='lat' dir='ltr'>his</span> <span class='ocrx_word' id='word_1_196' title='bbox 955 2863 993 2920; x_wconf 90' lang='lat' dir='ltr'>ad</span> <span class='ocrx_word' id='word_1_197' title='bbox 1007 2873 1035 2920; x_wconf 92' lang='lat' dir='ltr'>te</span> <span class='ocrx_word' id='word_1_198' title='bbox 1051 2863 1153 2921; x_wconf 87' lang='lat' dir='ltr'>litteris</span> 
     </span>
     <span class='ocr_line' id='line_1_27' title="bbox 200 2960 1152 3039; baseline -0.001 -19"><span class='ocrx_word' id='word_1_199' title='bbox 200 2963 286 3034; x_wconf 84' lang='lat' dir='ltr'>misi3</span> <span class='ocrx_word' id='word_1_200' title='bbox 308 2961 360 3019; x_wconf 92' lang='lat' dir='ltr'>sed</span> <span class='ocrx_word' id='word_1_201' title='bbox 374 2970 472 3019; x_wconf 89' lang='lat' dir='ltr'>tamen</span> <span class='ocrx_word' id='word_1_202' title='bbox 487 2979 554 3019; x_wconf 91' lang='lat' dir='ltr'>cum</span> <span class='ocrx_word' id='word_1_203' title='bbox 568 2960 801 3039; x_wconf 88' lang='lat' dir='ltr'>adpropinquare</span> <span class='ocrx_word' id='word_1_204' title='bbox 815 2970 881 3018; x_wconf 90' lang='lat' dir='ltr'>tuus</span> <span class='ocrx_word' id='word_1_205' title='bbox 897 2960 1038 3019; x_wconf 88' lang='lat' dir='ltr'>adventus</span> <span class='ocrx_word' id='word_1_206' title='bbox 1053 2971 1152 3036; x_wconf 90' lang='lat' dir='ltr'>putar-</span> 
     </span>
     <span class='ocr_line' id='line_1_28' title="bbox 199 3058 1153 3135; baseline -0.001 -16"><span class='ocrx_word' id='word_1_207' title='bbox 199 3072 264 3120; x_wconf 86' lang='lat' dir='ltr'>etur</span> <span class='ocrx_word' id='word_1_208' title='bbox 285 3069 313 3119; x_wconf 86' lang='lat' dir='ltr'>et</span> <span class='ocrx_word' id='word_1_209' title='bbox 335 3060 444 3118; x_wconf 87' lang='lat' dir='ltr'>teiam</span> <span class='ocrx_word' id='word_1_210' title='bbox 466 3078 503 3117; x_wconf 85' lang='lat' dir='ltr'>ex</span> <span class='ocrx_word' id='word_1_211' title='bbox 528 3059 600 3117; x_wconf 86' lang='lat' dir='ltr'>Asia</span> <span class='ocrx_word' id='word_1_212' title='bbox 625 3058 752 3117; x_wconf 88' lang='lat' dir='ltr'>Romam</span> <span class='ocrx_word' id='word_1_213' title='bbox 777 3077 876 3116; x_wconf 90' lang='lat' dir='ltr'>versus</span> <span class='ocrx_word' id='word_1_214' title='bbox 899 3058 1064 3135; x_wconf 90' lang='lat' dir='ltr'>profectum</span> <span class='ocrx_word' id='word_1_215' title='bbox 1086 3078 1153 3118; x_wconf 91' lang='lat' dir='ltr'>esse</span> 
     </span>
     <span class='ocr_line' id='line_1_29' title="bbox 200 3156 1152 3233; baseline -0.003 -14"><span class='ocrx_word' id='word_1_216' title='bbox 200 3167 356 3227; x_wconf 89' lang='lat' dir='ltr'>constaret,</span> <span class='ocrx_word' id='word_1_217' title='bbox 370 3156 543 3233; x_wconf 83' lang='lat' dir='ltr'>magnitudo</span> <span class='ocrx_word' id='word_1_218' title='bbox 562 3157 603 3215; x_wconf 91' lang='lat' dir='ltr'>rei</span> <span class='ocrx_word' id='word_1_219' title='bbox 623 3156 699 3228; x_wconf 87' lang='lat' dir='ltr'>fecit,</span> <span class='ocrx_word' id='word_1_220' title='bbox 713 3167 746 3215; x_wconf 93' lang='lat' dir='ltr'>ut</span> <span class='ocrx_word' id='word_1_221' title='bbox 759 3174 820 3214; x_wconf 94' lang='lat' dir='ltr'>non</span> <span class='ocrx_word' id='word_1_222' title='bbox 833 3175 996 3216; x_wconf 88' lang='lat' dir='ltr'>vereremur</span> <span class='ocrx_word' id='word_1_223' title='bbox 1011 3175 1048 3215; x_wconf 93' lang='lat' dir='ltr'>ne</span> <span class='ocrx_word' id='word_1_224' title='bbox 1063 3157 1152 3216; x_wconf 89' lang='lat' dir='ltr'>nimis</span> 
     </span>
     <span class='ocr_line' id='line_1_30' title="bbox 201 3254 1151 3332; baseline -0.004 -14"><span class='ocrx_word' id='word_1_225' title='bbox 201 3259 260 3318; x_wconf 89' lang='lat' dir='ltr'>cito</span> <span class='ocrx_word' id='word_1_226' title='bbox 281 3257 468 3328; x_wconf 88' lang='lat' dir='ltr'>mitteremus,</span> <span class='ocrx_word' id='word_1_227' title='bbox 491 3273 559 3314; x_wconf 91' lang='lat' dir='ltr'>cnm</span> <span class='ocrx_word' id='word_1_228' title='bbox 579 3255 633 3314; x_wconf 92' lang='lat' dir='ltr'>has</span> <span class='ocrx_word' id='word_1_229' title='bbox 657 3256 892 3331; x_wconf 88' lang='lat' dir='ltr'>quamprimum</span> <span class='ocrx_word' id='word_1_230' title='bbox 916 3256 954 3314; x_wconf 86' lang='lat' dir='ltr'>ad</span> <span class='ocrx_word' id='word_1_231' title='bbox 979 3266 1007 3313; x_wconf 91' lang='lat' dir='ltr'>te</span> <span class='ocrx_word' id='word_1_232' title='bbox 1031 3254 1151 3332; x_wconf 78' lang='lat' dir='ltr'>perferri</span> 
     </span>
     <span class='ocr_line' id='line_1_31' title="bbox 200 3352 1152 3429; baseline -0.003 -13"><span class='ocrx_word' id='word_1_233' title='bbox 200 3358 309 3417; x_wconf 87' lang='lat' dir='ltr'>litteras</span> <span class='ocrx_word' id='word_1_234' title='bbox 327 3370 436 3429; x_wconf 84' lang='lat' dir='ltr'>magno</span> <span class='ocrx_word' id='word_1_235' title='bbox 456 3371 546 3428; x_wconf 88' lang='lat' dir='ltr'>opere</span> <span class='ocrx_word' id='word_1_236' title='bbox 565 3353 710 3410; x_wconf 75' lang='lat' dir='ltr'>vellemus</span> <span class='ocrx_word' id='word_1_237' title='bbox 753 3352 828 3428; x_wconf 83' lang='lat' dir='ltr'>Egn,</span> <span class='ocrx_word' id='word_1_238' title='bbox 845 3354 868 3410; x_wconf 93' lang='lat' dir='ltr'>si</span> <span class='ocrx_word' id='word_1_239' title='bbox 883 3372 949 3411; x_wconf 89' lang='lat' dir='ltr'>mea</span> <span class='ocrx_word' id='word_1_240' title='bbox 964 3353 1037 3413; x_wconf 91' lang='lat' dir='ltr'>inte</span> <span class='ocrx_word' id='word_1_241' title='bbox 1052 3365 1152 3413; x_wconf 87' lang='lat' dir='ltr'>essent</span> 
     </span>
     <span class='ocr_line' id='line_1_32' title="bbox 202 3448 1152 3530; baseline -0.002 -16"><span class='ocrx_word' id='word_1_242' title='bbox 202 3454 298 3514; x_wconf 84' lang='lat' dir='ltr'>officia</span> <span class='ocrx_word' id='word_1_243' title='bbox 318 3450 420 3520; x_wconf 90' lang='lat' dir='ltr'>solum,</span> <span class='ocrx_word' id='word_1_244' title='bbox 440 3448 539 3519; x_wconf 90' lang='lat' dir='ltr'>Curio,</span> <span class='ocrx_word' id='word_1_245' title='bbox 558 3458 645 3518; x_wconf 87' lang='lat' dir='ltr'>tanta,</span> <span class='ocrx_word' id='word_1_246' title='bbox 664 3460 773 3524; x_wconf 87' lang='lat' dir='ltr'>quanta</span> <span class='ocrx_word' id='word_1_247' title='bbox 789 3452 882 3525; x_wconf 83' lang='lat' dir='ltr'>magis</span> <span class='ocrx_word' id='word_1_248' title='bbox 899 3469 918 3509; x_wconf 83' lang='lat' dir='ltr'>a</span> <span class='ocrx_word' id='word_1_249' title='bbox 935 3460 963 3511; x_wconf 88' lang='lat' dir='ltr'>te</span> <span class='ocrx_word' id='word_1_250' title='bbox 982 3452 1048 3530; x_wconf 91' lang='lat' dir='ltr'>ipso</span> <span class='ocrx_word' id='word_1_251' title='bbox 1067 3471 1152 3530; x_wconf 87' lang='lat' dir='ltr'>prae·</span> 
     </span>
    </p>
   </div>
   <div class='ocr_carea' id='block_1_6' title="bbox 0 0 1239 3842">
    <p class='ocr_par' dir='ltr' id='par_1_7' title="bbox 0 0 1239 3842">
     <span class='ocr_line' id='line_1_33' title="bbox 0 0 1239 3842; baseline 0 0"><span class='ocrx_word' id='word_1_252' title='bbox 0 0 1239 3842; x_wconf 95' lang='lat' dir='ltr'> </span> 
     </span>
    </p>
   </div>
  </div>
 </body>
</html>
