2454 3842
56 267 104 326 sp.
120 277 164 326 43,
180 251 232 331 44]
271 263 384 311 arrsr.
406 263 456 311 an
477 261 642 313 Arrrouu
665 221 728 313 v'rr.
754 265 782 332 7.
950 265 1006 312 rar

57 415 136 485 Nos
152 415 176 473 si
197 413 226 472 di
247 413 429 487 adiuvabant,
449 415 561 475 circiter
581 415 652 474 Idus
673 414 854 474 Novembres
874 414 905 472 in
926 411 1010 474 Italia

57 531 214 589 speramus
228 512 298 571 sore.
321 513 392 585 Vos,
404 532 471 573 mea
485 515 656 573 suavissima
669 523 697 574 et
706 513 887 590 optatissima
898 511 1009 571 Teren·

56 613 109 683 tia,
124 612 150 670 si
164 628 219 671 nos
233 612 346 683 amatis,
361 623 458 673 curate
472 623 504 672 ut
518 613 642 672 valeatis.
683 608 791 692 [Vale]
807 611 931 672 Athenis
945 610 1009 670 ad

58 730 108 768 xv.
124 709 193 768 Kal.
207 709 351 770 Novemb.

287 873 334 928 44.
376 868 434 927 An
455 868 650 929 Arrrcmu
671 867 740 927 vu.
764 881 791 943 7,

225 982 290 1042 Sca.
313 1003 373 1041 xm.
394 983 472 1041 Kar,
495 983 653 1042 innuamus
674 1003 757 1044 nuc.
781 995 850 1057 704.

382 1107 485 1151 cresso
506 1109 611 1152 nrrrco
632 1093 693 1168 sni,

107 1227 133 1264 1.
157 1181 344 1278 ‘Ihoursrus
366 1208 408 1264 vir
431 1209 568 1284 optimus,
589 1217 622 1267 ut
641 1209 713 1266 mihi
734 1225 852 1284 quoque
877 1215 921 1265 est
944 1223 1010 1282 per·

58 1312 189 1379 spectus
217 1314 246 1362 et
281 1305 465 1365 doctissimus
499 1307 597 1382 tuique
631 1305 852 1375 amantissimus,
882 1303 1011 1362 Romam

57 1403 140 1460 venit
161 1421 207 1461 xv.
223 1402 346 1462 Kalend.
362 1403 427 1463 Ian.
441 1413 471 1463 et
485 1405 592 1464 litteras
613 1423 630 1463 a
650 1414 679 1463 te
700 1403 771 1462 mihi
788 1402 911 1464 reddidit
923 1400 942 1460 ε’
964 1411 1008 1461 tot

57 1501 142 1559 enim
166 1504 253 1560 verba
274 1513 340 1560 sunt
365 1504 401 1563 de
426 1504 569 1580 Dionysio
593 1506 625 1563 in
649 1505 772 1582 epistola
792 1514 850 1563 tua.
891 1501 967 1561 Illud
988 1503 1009 1570 †

57 1608 164 1676 putato
177 1618 239 1658 non
253 1601 392 1661 adscribis
407 1607 452 1661 ‘et
470 1603 521 1662 tibi
540 1603 647 1678 gratias
666 1605 724 1680 egit
735 1603 751 1661 :'
772 1602 853 1682 atqui
871 1611 948 1660 certe
963 1599 1010 1658 ille

57 1715 150 1774 agere
165 1696 271 1769 debuit,
285 1709 323 1771 et,
338 1701 362 1758 si
382 1711 459 1759 esset
476 1701 593 1773 iactum,
608 1720 683 1779 quae
701 1713 751 1762 tua
770 1713 815 1762 est
834 1700 1008 1767 humanitas

57 1795 273 1871 adscripsisses.
317 1798 391 1857 Mihi
415 1811 513 1859 autem
537 1802 615 1860 nulla
640 1801 677 1860 de
702 1820 738 1860 eo
760 1799 901 1878 παλινῳδῖα
925 1799 1009 1857 datur

58 1902 182 1972 propter
201 1897 356 1970 superioris
370 1899 509 1974 epistolae
526 1901 733 1959 testimonium.
777 1898 820 1958 Sit
837 1900 923 1975 igitur
937 1911 1008 1955 sane

57 1996 159 2052 bonus
179 1992 238 2064 vir;
268 1994 324 2054 hoc
345 1996 423 2054 enirn
451 1997 548 2074 ipsum
575 2001 650 2057 bene
675 1998 751 2069 fecit,
772 1997 852 2073 quod
872 1995 943 2053 mihi
964 1994 1008 2051 sui

57 2093 263 2166 cognoscendi
291 2096 408 2170 penitus
435 2099 522 2154 etiam
546 2097 632 2155 istam
658 2095 826 2155 facultatem
850 2094 938 2153 dedit.
982 2109 1007 2149 a.

56 2189 238 2265 Philogenes
252 2204 328 2251 recte
342 2193 380 2252 ad
393 2202 422 2253 te
437 2195 550 2271 scripsit
558 2213 566 2266 ;
589 2196 697 2253 curavit
711 2194 789 2252 enim
806 2192 887 2269 quod
901 2189 1006 2249 debuit.

55 2289 140 2347 Eum
154 2307 211 2365 ego
226 2291 266 2348 uti
281 2309 316 2349 ea
336 2293 460 2369 pecunia
478 2294 563 2364 volui,
579 2292 676 2370 quoad
690 2293 807 2364 liceret;
827 2292 923 2366 itaque
938 2305 1008 2346 usus

55 2397 105 2445 est
127 2404 244 2446 menses
265 2408 335 2447 xmr.
380 2409 406 2464 3.
428 2390 616 2468 Pomptinum
637 2391 724 2467 cupio
743 2389 847 2459 valere,
868 2396 905 2458 et,
927 2386 1008 2462 quod

55 2485 163 2545 scribis
183 2487 214 2542 in
234 2487 335 2545 urbem
356 2489 499 2561 introisse,
519 2507 621 2549 vereor
642 2487 712 2566 quid
733 2488 769 2547 sit
776 2506 785 2560 ;
810 2504 879 2544 nam
900 2486 930 2544 id
952 2485 1007 2543 nisi

53 2585 141 2661 gravi
166 2583 202 2642 de
225 2603 314 2645 causa
334 2604 397 2644 non
425 2587 548 2646 fecisset.
589 2587 664 2664 Ego,
686 2587 826 2664 quoniam
853 2603 906 2643 rm.
927 2583 1009 2642 Non.

53 2683 123 2740 Ian.
152 2683 362 2758 compitalicius
390 2685 451 2744 dies
479 2695 532 2756 est,
562 2686 633 2744 nolo
661 2703 698 2744 eo
726 2685 773 2744 die
801 2685 832 2742 in
859 2683 1007 2742 Albanum

58 2777 198 2862 [venire].
212 2801 245 2840 ne
265 2783 405 2842 molestus
424 2784 549 2843 familiae
567 2785 697 2842 veniam:
718 2784 803 2843 tertio
824 2782 896 2840 Non
916 2776 1005 2861 [lan]
1082 2833 1084 2844 .

52 2881 164 2958 igitur;
185 2881 253 2940 inde
268 2881 306 2940 ad
320 2882 422 2940 urbem
436 2882 528 2958 pridie
543 2881 656 2941 Nonas.
698 2880 766 2940 Tua
779 2883 862 2955 λῆψις
876 2898 964 2957 quem
977 2880 1008 2936 in

54 2981 139 3040 diem
160 2979 295 3051 incurrat,
309 2981 420 3050 nescio,
436 2981 488 3040 sed
509 2998 628 3058 prorsus
648 2989 677 3040 te
698 2980 876 3039 commoveri
894 2980 1008 3038 incom-

53 3077 151 3136 modo
171 3077 341 3138 valetudinis
365 3088 431 3136 tuae
451 3078 529 3137 nolo
573 3096 600 3150 4,
621 3077 668 3135 De
688 3077 801 3136 honore
821 3086 931 3147 nostro,
952 3075 1009 3134 nisi

53 3176 128 3254 quid
143 3176 256 3236 occulte
271 3177 380 3237 Caesar
397 3196 449 3254 per
471 3195 540 3236 suos
558 3178 690 3235 tribunos
704 3175 820 3236 molitus
836 3178 896 3242 erit,
911 3186 1007 3235 cetera

53 3276 192 3335 videntur
216 3292 281 3334 esse
301 3276 470 3352 tranquilla;
495 3275 745 3350 tranquillissimus
769 3283 867 3333 autem
891 3274 1006 3331 animus

53 3391 150 3443 meuS,
166 3373 216 3449 qui
237 3382 330 3432 totum
344 3374 417 3434 istuc
432 3374 516 3450 aequi
536 3373 607 3432 boni
621 3371 697 3443 facit,
711 3381 739 3430 et
753 3389 790 3430 eo
809 3372 911 3446 magis,
926 3369 1007 3446 quod

54 3476 117 3532 iam
147 3489 165 3530 a
189 3471 286 3533 multis
310 3473 397 3532 audio
422 3474 611 3532 constitutum
635 3489 699 3531 esse
723 3470 866 3549 Pompeio
890 3479 919 3528 et
946 3469 1008 3528 eius
