2452 3842
70 229 218 312 rp.9a‚99.]
247 242 360 291 aaran
378 242 428 290 no
449 225 675 291 rnnrrmnas
696 244 745 293 ιν.
762 231 793 292 6.
934 249 995 296 211

69 409 166 476 tempus
180 401 231 458 tibi
245 410 328 476 turpe
343 411 386 460 est
395 419 436 460 rac
450 419 512 459 non
530 401 557 460 ei
570 402 611 460 rei
625 401 766 478 sapientia
780 410 830 459 tua
849 412 877 459 te
896 419 997 460 occur·

67 517 128 556 rere.
164 498 255 570 Quod
269 501 293 557 si
307 501 357 576 qui
372 501 457 558 etiam
473 500 572 560 inseris
587 519 689 559 sensus
704 511 756 570 est,
772 501 821 576 qui
836 500 909 558 illius
924 501 954 558 in
968 510 997 558 te

66 614 139 655 amor
149 596 199 654 fuit
213 597 362 675 pietasque
377 599 408 656 in
423 617 529 658 omnes
544 617 621 665 suos,
634 599 691 657 hoc
706 608 783 657 certe
797 599 845 656 illa
858 609 887 657 te
901 599 996 657 iacere

64 709 119 749 non
128 691 189 749 volt.
231 691 279 750 Da
289 691 346 752 hoc
360 694 398 751 illi
413 704 563 766 mortuae;
579 695 617 752 da
632 695 734 753 ceteris
749 695 851 752 amicis
866 713 901 754 ac
912 693 995 752 fami-

63 790 174 861 liaribus,
197 790 247 866 qui
267 800 318 849 tuo
340 791 440 850 dolore
462 803 610 864 maerent;
634 791 672 851 da
692 793 808 868 patriae,
830 801 870 863 ut,
893 793 917 851 si
938 810 997 867 qua

63 889 129 945 inre
146 905 218 964 opus
234 889 277 959 sit,
292 907 382 965 opera
401 902 429 950 et
448 891 570 949 consilio
585 901 635 948 tuo
653 892 694 948 uti
708 891 809 967 possit.
851 889 996 966 Denique,

61 987 189 1062 quoniam
209 986 241 1043 in
262 1003 327 1044 eam
341 969 489 1045 fortuitam
509 987 688 1062 devenimus,
708 998 739 1046 ut
760 989 847 1047 etiam
868 988 934 1047 huic
955 989 997 1047 rei

59 1084 137 1142 nobis
162 1083 345 1142 serviendum
370 1086 414 1157 sit,
440 1085 500 1144 noli
527 1087 708 1145 committere
732 1096 763 1144 ut
788 1087 942 1163 quisquam
968 1096 996 1144 te

57 1192 133 1259 putet
158 1201 218 1241 non
246 1193 306 1240 tam
335 1183 423 1242 filiam
452 1203 541 1261 quam
576 1186 618 1243 rei
645 1185 777 1262 publicae
805 1195 938 1261 tempora
968 1195 997 1244 et

55 1281 172 1338 aliomm
191 1281 341 1340 victoriam
366 1282 473 1358 lugere.
516 1283 602 1342 Plura
629 1301 677 1341 me
702 1283 740 1341 ad
768 1292 796 1340 te
825 1283 861 1342 de
885 1282 941 1340 hac
965 1301 997 1340 re

55 1378 174 1436 scribere
195 1379 292 1455 pudet,
312 1398 349 1437 ne
370 1380 468 1439 videar
489 1380 659 1457 prudentiae
682 1392 748 1440 tuae
768 1381 896 1439 diffidere
907 1400 915 1452 ;
938 1399 997 1456 qua

52 1494 92 1545 re,
115 1476 138 1533 si
164 1475 220 1535 hoc
249 1494 341 1536 unum
369 1496 559 1554 proposuero,
584 1479 674 1537 finem
699 1478 805 1537 faciam
833 1477 995 1536 scribendi:

50 1572 171 1632 vidimus
190 1573 365 1651 aliquotiens
385 1575 545 1634 secundam
563 1575 753 1654 pulcherrime
773 1588 802 1634 te
817 1575 890 1635 serre
905 1574 996 1634 fortu-

50 1690 118 1729 nam
142 1690 338 1750 magnamque
363 1692 401 1731 ex
425 1693 460 1732 ea
484 1695 515 1733 re
540 1685 568 1733 te
592 1675 710 1734 laudem
734 1676 825 1751 apisci
836 1695 845 1748 ;
875 1673 920 1732 sac
946 1672 996 1731 ali-

48 1771 167 1848 quando
191 1771 392 1847 intellegamus
420 1772 574 1831 adversam
598 1790 716 1848 quoque
744 1783 773 1831 te
800 1789 893 1847 aeque
921 1769 995 1830 serre

46 1887 136 1946 posse
156 1887 252 1946 neque
271 1870 301 1927 id
322 1871 424 1942 maius,
440 1889 529 1946 quam
551 1870 663 1940 debeat,
678 1871 729 1928 tibi
751 1888 827 1928 onus
844 1869 942 1940 videri,
957 1887 996 1926 ne

45 1985 82 2024 ex
111 1966 249 2024 omnibus
276 1967 427 2026 virtutibus
454 1966 528 2026 haec
555 1985 615 2025 una
647 1967 698 2024 tibi
726 1967 855 2025 videatur
883 1966 994 2024 deesse.

44 2063 137 2135 Quod
161 2063 199 2122 ad
223 2082 271 2122 me
295 2067 404 2136 attinet,
430 2084 498 2136 cum
523 2075 551 2123 te
579 2065 776 2140 tranquilliore
803 2065 901 2122 animo
930 2080 994 2139 esse

40 2179 187 2238 cognom,
202 2162 239 2220 de
253 2162 287 2221 iis
301 2164 396 2234 rebus,
412 2181 487 2238 quae
502 2162 549 2221 hic
570 2141 716 2238 geruntur,
732 2159 995 2238 quemadmodum-

40 2279 102 2336 que
117 2279 150 2320 se
164 2261 314 2336 provincia
327 2260 442 2332 habeat,
457 2262 609 2319 certiorem
623 2260 738 2318 faciam.
779 2258 862 2317 Vale.

248 2423 295 2477 99.
337 2417 395 2476 AD
417 2417 670 2477 FAMILIARES
691 2416 744 2475 IV.
769 2419 795 2476 6.

186 2531 251 2593 Sca.
273 2535 416 2593 Asrunnn
437 2553 532 2594 unnsu
552 2534 659 2592 Arium
681 2552 767 2592 nuc.
790 2547 857 2607 709.

286 2661 320 2700 n.
335 2660 439 2701 cremo
460 2660 482 2700 s.
498 2661 526 2699 n.
541 2659 601 2700 san.
617 2659 755 2699 sunmcro.
784 2706 786 2711 ,

82 2777 108 2818 1.
132 2756 201 2816 Euo
214 2776 293 2830 veru,
309 2758 398 2829 Servi,
414 2759 526 2830 vellem,
541 2767 573 2816 ut
594 2757 705 2827 scribis,
720 2757 750 2814 in
770 2773 839 2814 meo
860 2755 994 2831 gravissi·

26 2873 88 2915 mo
104 2873 181 2914 casu
196 2856 355 2916 adfuisses:
378 2866 520 2933 quantum
537 2857 616 2913 enim
634 2872 773 2931 praesens
791 2872 839 2911 me
858 2853 994 2911 adiuvare

24 2953 174 3031 potueris
199 2964 229 3011 et
253 2954 437 3013 consolando
462 2963 492 3012 et
516 2971 609 3029 prope
634 2970 726 3028 aeque
751 2950 888 3022 dolendo,
909 2951 993 3010 facile

22 3072 68 3111 ex
94 3068 136 3108 eo
159 3051 306 3129 intelleg0,
322 3052 404 3128 quod
420 3050 521 3108 litteris
541 3049 622 3108 lectis
644 3049 824 3124 aliquantum
844 3047 974 3124 acquievi
984 3065 992 3118 ;

19 3167 104 3210 narn
127 3156 159 3205 et
175 3167 210 3206 ea
229 3151 376 3226 scripsisti,
391 3167 466 3226 quae
480 3148 575 3205 levare
589 3148 699 3204 luctum
714 3156 843 3224 possent,
858 3156 887 3204 et
900 3147 931 3203 in
945 3163 992 3202 me

18 3245 226 3310 consolando
251 3268 313 3307 non
341 3249 521 3306 mediocrem
545 3245 608 3321 ipse
636 3245 726 3302 animi
755 3244 886 3302 dolorem
911 3243 992 3302 adhi-

15 3349 132 3408 buisti.
185 3347 301 3406 Servius
328 3357 427 3404 tamen
457 3355 524 3402 tuus
552 3343 688 3401 omnibus
716 3343 826 3414 officiis,
850 3361 926 3419 quae
954 3341 993 3398 illi

13 3446 170 3524 tempori
199 3445 284 3504 tribui
312 3435 476 3522 potuerunt,
501 3441 656 3500 declaravit
681 3450 710 3500 et
734 3442 836 3518 quanti
860 3441 923 3516 ipse
945 3456 993 3495 me

492 3559 541 3598 Η
