2452 3842
47 201 115 291 'ap
129 213 234 297 apsa]
259 222 375 274 aaran.
399 222 449 270 aa
469 216 693 270 snnrnmnns
717 220 777 269 vir.
802 226 832 290 3.
945 205 1004 290 189

73 378 115 435 cio
128 395 162 434 an
179 375 305 452 primum
323 382 424 450 putes:
447 371 544 448 plures
564 371 622 430 iam
640 387 770 446 pavones
790 368 903 429 confeci
916 388 1005 446 quam

72 486 103 534 tu
114 475 201 550 pullos
215 472 404 532 columbinos.
434 469 484 527 Tu
498 471 560 527 istic
574 479 603 527 te
618 468 778 526 Hateriano
793 469 852 527 iure
864 469 1005 542 delectas;

73 591 126 648 ego
139 590 183 629 me
196 571 243 630 hic
258 570 402 628 Hirtiano.
443 568 521 625 Veni
536 567 629 644 igitur,
644 567 668 624 si
682 567 776 638 vires,
791 577 820 625 et
834 569 913 627 disce
927 589 945 628 a
958 591 1006 630 me

71 671 260 745 npoleyope‘vas,
275 688 348 746 quas
367 668 497 744 quaeris:
520 667 573 724 etsi
593 684 642 725 sus
660 665 832 725 Minervam.
875 667 933 726 Sed
947 689 1007 746 quo

71 768 164 839 modo
190 767 299 825 videro.
346 786 373 837 4.
400 764 430 824 Si
458 764 675 822 aestimationes
703 773 767 821 tuas
794 764 918 824 vendere
946 786 1008 828 non

70 874 151 942 potes
164 883 258 940 neque
273 865 361 922 ollam
376 864 562 922 denariorum
576 861 704 936 implere,
716 860 844 920 Romam
858 864 910 923 tibi
924 869 1008 926 remi-

70 963 208 1040 grandum
231 973 292 1021 est:
318 963 406 1021 satius
428 971 472 1020 est
492 961 539 1019 hic
560 960 699 1019 cruditate
722 978 812 1035 quarn
836 962 898 1020 istic
922 963 1008 1024 fame.

69 1061 162 1120 Video
185 1071 213 1121 te
239 1063 318 1120 bona
341 1060 517 1137 perdidissc;
547 1076 633 1134 spero
658 1058 736 1116 idem
760 1059 832 1117 istuc
855 1059 1009 1123 familiares

69 1171 142 1220 tuos.
184 1159 292 1218 Actum
306 1159 392 1235 igitur
406 1160 442 1217 de
457 1169 485 1218 te
500 1167 552 1228 est,
567 1157 622 1215 nisi
636 1158 779 1233 provides
822 1157 909 1217 Potes
929 1162 1009 1220 mulo

68 1261 135 1329 istc,
152 1275 239 1334 quem
260 1259 312 1316 tibi
330 1258 473 1334 reliquum
494 1257 565 1316 dicis
584 1275 657 1328 esse,
673 1259 813 1332 quoniam
832 1257 1010 1322 cantherium

67 1357 228 1427 comedisti,
243 1356 371 1415 Romam
385 1355 511 1433 pervehi.
555 1355 630 1416 Sella
652 1357 702 1415 tibi
724 1357 776 1414 erit
796 1357 826 1414 in
846 1356 916 1416 ludo
937 1368 1011 1416 tam-

66 1472 157 1534 quam
170 1453 397 1530 hypodidascalo
412 1455 545 1530 proxima
553 1474 561 1528 ;
584 1473 649 1512 earn
664 1455 798 1530 pulvinus
813 1467 956 1532 sequetur.

259 1617 305 1670 88.
349 1611 406 1669 AD
426 1611 681 1672 FAMILIARES
703 1613 772 1672 Vll.
796 1635 822 1691 3.

208 1727 275 1787 Scn.
297 1727 406 1790 Ronm
427 1746 520 1790 mansa
542 1727 683 1800 Qvnvnmr
704 1749 785 1790 nuc.
810 1743 825 1804 7
851 1734 877 1791 8.

329 1853 360 1892 n.
382 1852 484 1894 cronno
504 1853 526 1893 s.
549 1854 574 1892 n.
598 1855 628 1894 n.
650 1855 750 1895 namo.

114 1987 140 2026 1.
162 1966 312 2026 Pansam
333 1966 404 2023 mihi
426 1967 565 2042 cogitanti
589 1967 626 2025 de
651 1967 857 2026 communibus
884 1968 1015 2039 miseriis

62 2071 98 2127 in
125 2067 230 2141 quibus
253 2074 296 2124 tot
320 2083 414 2123 annos
434 2083 582 2122 versamur
602 2074 639 2136 et,
660 2075 691 2122 ut
716 2065 809 2137 vide0‚
831 2066 1016 2136 versabimur,

63 2164 142 2225 solet
175 2163 205 2221 in
236 2173 366 2221 mentem
394 2163 491 2220 venire
520 2163 593 2221 illius
621 2164 767 2238 temporis,
796 2182 856 2240 quo
884 2163 1017 2241 proxime

59 2263 177 2322 fuimus
201 2279 276 2334 una;
308 2261 379 2337 quin
405 2262 491 2319 etiarn
519 2262 615 2337 ipsum
640 2262 717 2320 diem
745 2263 886 2321 memoria
913 2273 1017 2321 teneo:

59 2378 139 2420 nam
161 2361 233 2419 ad.
253 2379 295 2418 111.
316 2360 387 2418 Idus
408 2359 512 2431 Maias,
534 2360 659 2419 Lentulo
681 2373 709 2420 et
731 2360 871 2419 Marcello
893 2360 1018 2420 consuli·

58 2463 133 2528 buS,
164 2477 232 2517 curn
265 2460 295 2516 in
327 2458 540 2534 Pompeianum
566 2461 678 2535 vesperi
706 2460 858 2529 venissem,
887 2469 918 2518 tu
948 2459 1019 2516 mihi

57 2557 193 2618 sollicito
215 2558 313 2616 animo
335 2567 452 2633 praesto
471 2557 565 2630 fuisti3
588 2559 743 2618 sollicitum
763 2569 860 2617 autem
879 2569 908 2618 te
929 2557 1019 2616 habe-

55 2659 117 2714 bat
148 2656 285 2731 cogitatio
314 2673 381 2713 cum
410 2657 507 2725 officii,
532 2666 594 2715 tum
622 2658 710 2715 etiam
738 2657 856 2733 periculi
884 2657 958 2714 mei:
995 2657 1020 2715 si

54 2771 220 2814 manerem
240 2754 270 2812 in
290 2753 380 2824 Italia,
396 2756 531 2813 verebare
553 2773 590 2813 ne
611 2755 708 2814 officio
728 2757 861 2814 deessem
868 2775 876 2828 ;
908 2755 931 2814 si
952 2774 1019 2831 pro-

53 2853 215 2912 ficiscerer
239 2853 277 2910 ad
301 2852 419 2924 bellurn,
445 2852 604 2928 periculum
629 2864 657 2911 te
681 2872 780 2912 meum
805 2856 1018 2913 commovebat.

54 2951 140 3022 Quo
170 2959 304 3026 tempore
332 2951 427 3009 vidisti
455 2951 586 3028 profecto
614 2971 662 3011 me
691 2970 808 3029 quoque
835 2953 877 3011 ita
904 2962 1021 3011 contur-

50 3051 181 3120 batum,
206 3059 238 3107 ut
263 3068 324 3108 non
350 3050 534 3125 explicarem,
556 3050 627 3126 quid
652 3061 728 3109 esset
752 3051 896 3127 optimum
923 3050 1000 3111 lactu
1012 3072 1021 3124 3

50 3147 176 3226 pudori
193 3157 293 3206 tamen
310 3149 399 3207 malui
418 3148 571 3224 famaeque
589 3149 691 3208 cedere
707 3168 797 3225 quam
819 3150 917 3208 salutis
939 3169 1022 3208 meae

50 3248 217 3306 rationem
242 3247 356 3306 ducere.
401 3267 428 3305 a.
449 3246 543 3306 Cuius
564 3266 611 3305 me
633 3249 691 3305 mei
712 3249 779 3306 lacti
801 3249 940 3325 paenituit
961 3267 1022 3306 non

51 3358 127 3406 tam
149 3353 272 3422 propter
288 3345 449 3423 periculum
471 3363 570 3403 meum
588 3364 678 3422 quam
698 3357 816 3423 propter
836 3348 903 3405 vitia
924 3345 1024 3415 multa,

56 3463 149 3524 quae
172 3444 214 3504 ibi
234 3443 353 3518 offendi,
374 3463 434 3522 quo
455 3463 606 3504 veneram:
637 3446 762 3522 primum
784 3465 879 3523 neque
901 3462 1024 3520 magnas
