2452 3842
227 230 288 312 164
494 246 533 304 n,
558 245 677 294 runnu
695 246 880 296 CICERONIS
1040 229 1161 312 [ra-sur.

224 403 295 460 dum
313 401 385 462 haec
406 403 606 475 decernuntur,
621 422 696 480 quae
717 377 777 462 iam
797 412 879 462 erunt
900 401 1042 464 confecta.
1085 400 1121 460 Id
1139 401 1160 457 si

223 499 332 572 feceris,
348 511 376 560 et
393 519 451 578 ego
468 512 497 560 te
519 504 663 580 sapienter
681 502 784 563 fecisse
805 503 941 561 iudicabo
960 509 988 559 et
1007 499 1159 559 Caesarem

222 617 284 656 non
298 600 438 660 offendes.

419 763 466 816 70.
508 757 566 817 AD
587 757 838 817 FAMILIARES
860 757 899 816 ΙΙ.
925 759 969 816 16.

342 872 407 934 Sca.
429 892 459 932 ur
480 871 607 933 Cumano
628 893 721 932 mansu
742 875 849 932 Arnim
870 892 953 932 nuc.
978 887 1047 948 705.

439 999 469 1038 m.
492 999 594 1040 cronno
616 999 675 1038 um.
696 999 718 1039 s.
740 1000 769 1040 n.
789 999 818 1038 m
839 999 950 1040 CAELIO·

269 1115 294 1156 1.
315 1095 427 1156 linono
445 1096 547 1154 dolore
563 1114 611 1154 me
628 1095 801 1154 adfecissent
820 1106 885 1154 tuae
903 1095 1022 1167 litterae,
1038 1097 1096 1155 nisi
1110 1099 1163 1155 iam

224 1203 252 1253 et
266 1196 338 1253 ratio
354 1195 418 1270 ipsa
434 1193 590 1270 depulisset
609 1212 713 1252 omnes
731 1194 878 1252 molestias
898 1204 926 1252 et
948 1194 1086 1253 diuturna
1102 1195 1163 1253 des·

224 1293 374 1369 peratione
387 1311 483 1350 rerum
502 1293 685 1351 obduruisset
701 1293 815 1352 animus
831 1293 868 1351 ad
887 1293 1020 1352 dolorem
1039 1311 1163 1361 novum;

224 1392 276 1450 sed
290 1403 396 1461 tamen,
408 1409 466 1467 qua
479 1411 510 1450 re
525 1391 660 1450 acciderit
673 1401 704 1450 ut
717 1410 754 1450 ex
769 1393 842 1451 meis
856 1392 1052 1468 superioribus
1068 1392 1165 1452 litteris

224 1489 254 1546 id
269 1489 454 1565 suspicarere,
469 1491 549 1567 quod
564 1491 671 1561 scribis,
687 1491 800 1549 nescio:
823 1491 893 1568 quid
907 1491 986 1549 enim
999 1491 1032 1549 in
1045 1492 1102 1550 illis
1115 1491 1167 1548 luit

225 1601 337 1666 praeter
356 1589 504 1664 querelam
524 1590 709 1664 temporum?
736 1608 811 1666 quae
833 1608 894 1648 non
914 1607 1014 1648 meum
1036 1591 1168 1648 animum

224 1689 318 1764 magis
347 1688 499 1746 sollicitum
523 1687 629 1745 habent
657 1706 746 1764 quam
770 1698 860 1746 tuum.
903 1687 981 1746 Nam
1010 1705 1074 1748 non
1101 1707 1167 1746 eam

225 1787 352 1862 cognovi
370 1787 462 1844 aciem
476 1786 585 1860 ingenii
598 1785 647 1856 tui,
663 1785 744 1862 quod
757 1786 819 1861 ipse
834 1786 958 1856 videam,
971 1795 1000 1843 te
1015 1786 1044 1843 id
1059 1797 1169 1844 utnon

189 1890 221 1934 «7
225 1896 324 1962 putem
348 1884 460 1944 videre:
487 1883 558 1942 illud
581 1885 678 1955 miror,
703 1884 809 1942 adduci
829 1884 956 1959 potuisse
980 1895 1018 1955 te,
1044 1886 1097 1961 qui
1122 1905 1170 1944 me

225 1985 339 2060 penitus
353 2001 441 2068 nosse
459 1982 588 2052 deberes,
603 1992 634 2040 ut
651 1982 829 2040 existimares
843 1991 893 2040 aut
911 1999 959 2040 me
978 1993 1040 2040 tam
1058 1985 1171 2060 impro

224 2083 332 2153 vidum,
354 2082 403 2159 qui
427 2081 464 2140 ab
486 2080 610 2138 excitata
630 2079 746 2138 fortuna
766 2080 804 2137 ad
829 2079 996 2138 inclinatam
1021 2091 1050 2138 et
1074 2100 1172 2160 prope

225 2183 368 2240 iacentem
383 2179 584 2249 desciscerem,
599 2187 648 2236 aut
661 2187 719 2236 tam
733 2178 955 2250 inconstantem,
967 2188 998 2236 ut
1013 2179 1173 2240 collectam

225 2281 349 2356 gratiam
368 2277 563 2336 florentissimi
583 2276 709 2336 hominis
729 2277 909 2336 effunderem
934 2296 951 2336 a
975 2295 1086 2354 meque
1108 2280 1174 2356 ipse

175 2443 178 2448 ,
226 2379 380 2444 deficerem
399 2386 437 2448 et,
451 2376 532 2452 quod
550 2375 631 2433 initio
653 2393 825 2453 semperque
844 2374 914 2450 fugi,
930 2376 1003 2434 civili
1025 2377 1107 2437 bello
1131 2381 1175 2436 in-

225 2488 375 2536 teressem.
417 2495 443 2534 2.
466 2474 557 2548 Quod
574 2483 617 2533 est
635 2475 721 2550 igitur
742 2493 840 2532 meum
862 2475 961 2534 ‘triste
975 2477 1176 2538 consilium'l

226 2585 257 2633 ut
276 2575 452 2634 discederem
467 2573 587 2632 fortasse
602 2573 632 2630 in
651 2573 761 2648 aliquas
782 2573 974 2631 solitudines?
995 2577 1079 2634 nosti
1095 2580 1176 2636 enim

227 2691 288 2732 non
315 2673 405 2731 modo
434 2670 576 2731 stomachi
603 2671 670 2741 mei,
699 2671 779 2729 cuius
805 2680 838 2728 tu
865 2671 988 2730 similem
1016 2676 1178 2748 quondam

226 2771 365 2841 habebas,
390 2770 552 2830 sedetiam
576 2770 727 2828 oculorum
749 2769 780 2826 in
803 2769 957 2827 hominum
981 2770 1178 2832 insolentium

227 2868 397 2944 indignitate
410 2869 555 2928 fastidium
564 2889 572 2942 ;
590 2867 707 2927 ‘accedit
725 2867 812 2927 etiam
831 2867 953 2926 molesta
971 2867 1046 2926 haec
1060 2887 1181 2948 pompa

227 2969 361 3028 lictorum
380 2973 514 3026 meorum
531 2983 700 3041 nomenque
714 2953 835 3040 imperii,
850 2983 910 3042 quo
925 2966 1075 3042 appellor:
1100 2988 1141 3028 eo
1158 2972 1181 3029 si

227 3085 316 3130 onere
337 3084 473 3138 carerem,
492 3065 623 3141 quamvis
643 3064 737 3140 parvis
759 3062 859 3122 ltaliae
879 3063 996 3159 latebris
1016 3076 1183 3128 contentus

229 3183 332 3226 essem.
375 3163 434 3222 Sed
457 3163 574 3222 incurrit
596 3163 668 3220 haec
693 3171 793 3220 nostra
813 3162 911 3220 laurus
934 3179 995 3220 non
1019 3162 1126 3223 solum
1154 3167 1183 3222 in

228 3263 337 3333 oculos,
360 3262 411 3320 sed
433 3262 491 3321 iam
515 3262 603 3319 etiam
627 3261 658 3318 in
678 3259 795 3318 voculas
819 3259 1039 3318 malevolorum.
1084 3262 1184 3335 Quod

229 3379 297 3418 eum
322 3361 360 3417 ita
385 3368 469 3428 esset,
493 3358 535 3415 nil
559 3367 656 3416 tamen
680 3375 821 3432 umquam
849 3357 886 3416 de
908 3356 1096 3432 profectione
1125 3363 1185 3419 nisi

230 3459 314 3517 vobis
342 3455 569 3532 adprobantibus
598 3455 728 3530 cogitavi.
771 3454 829 3514 Sed
857 3473 924 3512 mea
947 3455 1102 3530 praediola
1133 3463 1186 3520 tibi
