2454 3842
199 212 258 276 ¹52
467 210 505 258 M.
532 209 652 258 rurnrr
673 210 862 258 oronnonrs
1012 197 1081 280 [aaa
1096 211 1138 256 nr.

196 365 346 423 hominem
367 385 437 426 nnn.
458 366 530 427 Kal.
551 368 635 426 Febr.
658 368 778 444 plenum
799 366 978 425 formidinis:
1004 367 1056 426 illo
1076 368 1139 442 ipso

198 464 244 521 die
273 466 358 536 sensi,
384 466 453 541 quid
481 478 598 541 ageret3
621 484 782 542 numquam
804 466 875 522 mihi
899 476 1003 541 postea
1026 466 1140 540 placuit,

199 581 253 620 nec
267 581 407 639 umquam
426 564 503 622 aliud
517 583 552 624 ex
568 564 625 622 alio
640 583 762 641 peccare
777 565 891 623 destitit.
933 564 1012 622 Nihil
1027 565 1140 622 interim

199 662 236 718 ad
250 680 297 718 me
312 664 444 731 seribere,
460 663 529 720 nihil
545 664 601 720 nisi
618 662 717 737 fugam
732 665 867 738 cogitare.
910 661 990 733 Quid
1005 663 1140 736 qnaeris?
1181 697 1183 702 ·

199 762 270 818 sicut
296 763 322 814 ἐν
342 765 396 818 τοῖς
417 765 544 833 ἐρωτικοῖς
566 761 692 819 alienant
714 761 889 831 immundae,
903 761 1039 829 insulsae,
1060 761 1140 818 inde-

199 877 293 929 corae,
322 861 362 917 sic
390 876 438 916 me
465 857 540 916 illius
572 858 659 934 fugae
686 860 944 934 neglegentiaeque
972 859 1142 916 deformitas

199 958 297 1015 avertit
311 958 348 1014 ab
363 974 478 1028 amore3
500 956 570 1015 nihil
589 958 666 1015 enim
681 958 802 1032 dignum
815 957 946 1026 faciebat,
962 975 1021 1033 qua
1034 975 1066 1014 re
1080 959 1142 1015 eius

198 1055 284 1131 fugae
311 1057 447 1115 comitem
474 1075 522 1115 me
550 1057 746 1132 adiungerem.
789 1057 875 1114 Nunc
900 1058 1022 1132 emergit
1048 1073 1143 1125 amor,

200 1173 277 1213 nunc
293 1156 466 1213 desiderium
480 1155 553 1213 ferre
568 1174 630 1213 non
645 1173 774 1232 possunt,
789 1173 867 1213 nunc
887 1155 958 1212 mihi
979 1155 1047 1212 nihil
1069 1155 1143 1223 libri,

198 1253 268 1310 nihil
288 1253 405 1322 litterae,
427 1253 496 1311 nihil
519 1254 648 1312 doctrina
669 1255 805 1329 prodest:
838 1255 877 1312 ita
901 1254 963 1311 dies
986 1265 1016 1311 et
1038 1264 1145 1311 noctes

199 1363 348 1426 tamquam
362 1353 421 1410 avis
436 1352 489 1422 illa,
505 1371 584 1411 mare
605 1362 769 1428 prospecto,
785 1353 897 1410 evolare
912 1353 1016 1428 cupi03
1038 1352 1089 1420 do,
1105 1351 1144 1408 do

201 1467 311 1523 poenas
332 1451 497 1508 temeritatis
518 1469 609 1508 meae.
651 1451 713 1508 Etsi
734 1468 809 1524 quae
830 1450 883 1507 fuit
903 1451 950 1507 illa
974 1451 1145 1507 temeritas?

201 1548 271 1623 quid
292 1548 347 1606 feci
368 1567 428 1606 non
451 1549 733 1608 consideratissime?
775 1549 805 1606 Si
827 1550 905 1606 enim
933 1549 1002 1605 nihil
1029 1560 1148 1623 praeter

201 1650 302 1724 fugam
316 1659 505 1726 quaereretur,
523 1649 663 1726 fugissem
681 1649 876 1720 libentissime,
891 1649 943 1706 sed
962 1667 1054 1724 genus
1076 1650 1149 1706 belli

202 1749 389 1806 crudelissimi
417 1759 445 1806 et
472 1749 597 1818 maximi,
626 1749 707 1823 quod
731 1748 863 1806 nondum
887 1748 985 1805 vident
1009 1749 1150 1805 homines

202 1846 286 1921 quale
311 1845 437 1904 futurum
461 1848 504 1916 sit,
530 1845 687 1921 perhorrui.
732 1844 817 1916 Quae
838 1846 935 1904 minae
959 1846 1149 1922 municipiis}

201 1964 275 2020 quae
295 1946 466 2002 nominatim
489 1945 554 2003 viris
573 1945 675 2002 bonis!
698 1961 773 2018 quae
791 1945 914 2020 denique
934 1945 1081 2014 omnibuS,
1099 1947 1152 2021 qui

201 2045 422 2101 remansissent?
444 2061 532 2119 quam
554 2044 655 2100 crebro
676 2041 745 2100 illud
765 2041 862 2100 ‘Sulla
880 2043 981 2118 potuit,
1003 2060 1059 2118 ego
1085 2063 1153 2102 non

203 2141 344 2218 poter0?’
387 2161 413 2215 3.
437 2141 508 2199 Mihi
530 2151 626 2198 autem
648 2141 802 2199 haeserunt
829 2141 893 2199 illa:
921 2142 997 2199 male
1018 2142 1151 2218 Tarqui-

203 2243 277 2312 nius,
306 2243 355 2316 qui
391 2241 563 2310 Porsenam,
587 2239 636 2315 qui
667 2239 819 2297 Octavium
854 2239 1016 2297 Mamilium
1044 2252 1153 2300 contra

207 2342 337 2415 patriam,
351 2340 437 2415 impie
459 2338 639 2405 Coriolanus,
654 2341 705 2412 qui
721 2338 858 2396 auxilium
879 2340 958 2414 petiit
980 2358 997 2397 a
1020 2340 1153 2414 VolsciS,

205 2452 280 2496 recte
306 2437 526 2507 Themistoclea,
549 2438 598 2514 qui
625 2439 699 2494 mori
727 2437 833 2515 maluit,
855 2437 980 2496 nefarius
1009 2437 1152 2514 Hippias

206 2538 343 2596 Pisistrati
371 2538 452 2606 filius,
478 2536 527 2612 qui
552 2537 582 2593 in
608 2535 790 2598 Marathonia
813 2554 913 2611 pugna
935 2537 1037 2594 cecidit
1065 2557 1154 2598 arma

206 2647 308 2694 contra
329 2637 451 2710 patriam
473 2633 575 2692 ferens.
618 2636 658 2692 At
686 2633 771 2703 Sulla,
797 2642 825 2692 at
853 2633 971 2705 MariuS,
997 2644 1027 2693 at
1051 2635 1155 2696 Cinna

206 2744 290 2792 recte.
334 2733 430 2792 Immo
458 2735 518 2791 iure
543 2733 664 2790 fortasse
676 2752 683 2804 ;
721 2733 773 2790 sed
800 2733 870 2808 quid
898 2751 998 2791 eornm
1026 2735 1155 2795 victoria

207 2832 368 2890 crudelius?
391 2833 461 2906 quid
479 2831 639 2890 funestius?
662 2831 758 2889 Huius
779 2832 845 2888 belli
864 2849 957 2907 genus
979 2832 1048 2906 fugi,
1063 2845 1095 2891 et
1116 2854 1155 2894 eo

207 2933 309 3005 magis,
325 2931 405 3007 quod
419 2931 579 2989 cmdeliora
597 2932 683 2989 etiam
702 2931 823 3006 cogitari
841 2939 869 2988 et
889 2932 982 3005 parari
1002 2932 1155 2992 videbam.

209 3029 267 3098 hle,
293 3047 381 3105 quem
409 3047 470 3087 non
495 3029 564 3087 nulli
587 3038 820 3087 conservatorem
841 3029 923 3086 istius
944 3030 1032 3100 urbis,
1058 3048 1155 3106 quem

208 3136 358 3203 parentem
392 3144 456 3184 esse
484 3127 626 3196 dixerunt,
655 3126 795 3184 Getarum
828 3136 856 3184 et
887 3127 1094 3186 Armeniorum
1126 3144 1156 3191 et

208 3226 386 3286 Colchorum
408 3226 507 3300 copias
530 3225 567 3282 ad
591 3241 657 3281 eam
682 3224 844 3282 adducere?
876 3243 924 3283 me
945 3226 1018 3284 meis
1041 3227 1157 3288 civibus

208 3327 325 3395 famem,
346 3325 506 3380 vastitatem
527 3323 630 3380 inferre
652 3323 779 3380 Italiae?
795 3323 873 3381 hunc
894 3325 1019 3399 primum
1041 3341 1158 3386 morta-

209 3425 266 3482 lem
295 3440 367 3492 esse,
396 3420 501 3477 deinde
529 3421 615 3476 etiam
643 3422 739 3478 multis
766 3422 863 3479 modis
890 3439 978 3498 posse
1005 3427 1157 3504 exstingui
