2454 3842
62 271 107 332 ap.
125 254 180 339 55]
280 269 392 322 aaran.
415 269 465 318 Ab
486 269 653 319 ATTICUM
676 272 751 319 vrri.
776 277 805 342 9.
955 274 1013 340 ¹39

61 424 132 482 belli
155 422 252 493 fuisse,
269 422 323 481 etsi
344 421 373 480 id
393 440 425 480 re
446 430 631 498 perspectum
653 431 821 492 esttamen
843 439 879 480 eo
900 420 1012 497 scripsi,

62 539 125 598 quo
136 523 169 578 in
179 519 330 580 suadendo
341 519 406 596 plus
421 521 599 579 auctoritatis
612 520 759 592 haberem,
771 520 934 596 eodemque
950 539 1013 595 per-

62 621 144 691 tinet,
161 619 242 696 quod
262 636 380 677 causam
398 620 459 678 eius
473 619 576 696 probo.
622 638 648 704 a.
671 618 729 677 Sed
744 619 814 695 quid
827 619 900 677 haec
914 619 1012 676 nunc?

61 719 178 776 utinam
197 716 305 792 aliquid
327 716 488 793 profectum
509 720 603 776 esset!
623 736 660 775 ne
681 735 738 792 ego
761 719 830 776 istas
852 717 959 775 litteras
981 718 1012 774 in

62 817 205 876 contione
228 815 339 874 recitari
361 814 456 885 velim,
479 814 504 873 si
528 815 645 891 quidem
667 815 713 874 ille
738 816 801 890 ipse
825 815 862 874 ad
885 813 1011 873 eundern

62 915 196 974 scribens
214 913 245 971 in
266 913 382 989 publico
401 915 555 990 proposuit
574 915 728 990 epistolam
750 915 836 986 illam,
850 915 882 972 in
896 932 954 990 qua
968 923 1012 971 est

63 1019 140 1089 ‘pro
156 1013 211 1070 tuis
226 1012 312 1069 rebus
323 1012 412 1088 gestis
424 1011 625 1088 amplissimis!
668 1013 904 1090 Amplioribusne
923 1030 1011 1088 quam

62 1111 133 1180 suis,
160 1127 248 1186 quam
276 1109 426 1168 Africani?
471 1108 516 1167 Ita
543 1119 659 1187 tempus
686 1110 811 1182 ferebat3
841 1112 866 1168 si
894 1109 1012 1186 quidem

62 1209 154 1267 etiam
175 1226 228 1266 vos
253 1207 312 1266 duo
333 1207 404 1266 tales
425 1207 464 1266 ad
484 1209 618 1284 quintum
639 1209 912 1286 miliarium—quid
933 1227 1011 1267 nunc

60 1309 163 1382 ipsum
177 1307 255 1364 unde
270 1325 301 1365 se
315 1307 472 1383 recipienti,
483 1307 553 1383 quid
567 1308 673 1383 agenti,
683 1309 753 1385 quid
767 1309 886 1368 acturo?
902 1316 1011 1385 quanto

61 1415 165 1464 autem
187 1404 312 1464 ferocius
333 1406 379 1464 ille
402 1423 505 1464 causae
528 1425 598 1466 suae
621 1407 756 1479 confidet,
774 1426 842 1467 cum
863 1425 924 1478 vos,
944 1424 1011 1465 curn

61 1503 153 1562 vestri
168 1503 275 1562 similes
289 1522 351 1563 non
365 1505 455 1564 modo
469 1505 644 1581 frequentes,
660 1507 712 1565 sed
728 1506 804 1565 laeto
818 1491 897 1565 voltu
915 1515 1012 1582 gratu-

61 1604 159 1660 lantes
174 1602 294 1661 vidcrit?
330 1603 428 1663 ‘Num
442 1605 527 1680 igitur
541 1624 697 1681 peccamus
708 1605 731 1663 i’
746 1606 866 1664 minime
881 1623 933 1663 vos
948 1606 1010 1681 qui·

61 1699 134 1758 dem
144 1717 153 1772 ;
180 1700 231 1758 sed
252 1711 350 1761 tamen
371 1703 455 1778 signa
476 1705 690 1775 conturbantur,
712 1704 816 1779 quibus
840 1702 973 1761 voluntas
994 1720 1012 1760 a

61 1798 247 1858 simulatione
262 1800 399 1876 distingui
412 1811 520 1878 posset.
563 1799 648 1873 Quae
662 1819 730 1860 vero
746 1811 863 1860 senatus
877 1801 1011 1859 consulta

59 1898 171 1956 video?
193 1898 244 1957 sed
263 1900 396 1975 apertius,
411 1919 501 1976 quam
514 1919 734 1979 proposueram.
779 1920 805 1976 3.
826 1901 892 1975 Ego
907 1898 1011 1974 Arpini

59 1995 131 2054 volo
146 2014 210 2054 esse
224 1998 316 2073 pridie
331 1998 407 2070 Kal,
420 1999 525 2058 deinde
540 1999 647 2057 circum
658 1997 767 2056 villulas
782 2006 895 2056 nostras
906 2015 1009 2069 errare,

59 2111 138 2170 quas
152 2094 279 2153 visurum
293 2114 341 2154 me
355 2105 458 2173 postea
472 2097 629 2172 desperavi.
673 2099 769 2171 Εὐγενῆ
784 2108 834 2154 tua
848 2095 967 2154 consilia
982 2104 1011 2154 et

57 2203 164 2250 tamen
178 2211 231 2268 pro
249 2196 430 2270 temporibus
448 2213 509 2253 non
528 2196 643 2254 incauta
661 2195 732 2252 mihi
746 2193 828 2253 valde
843 2195 1008 2269 probantur.

58 2290 178 2366 Lepido
201 2292 429 2367 quidem-nam
450 2293 509 2352 fere
532 2293 766 2366 συνδιημερεύομεν,
782 2292 862 2368 quod
883 2291 1010 2366 gratissi·

59 2407 145 2446 mum
173 2389 212 2446 illi
239 2400 486 2466 est-numquam
513 2390 621 2467 placuit
644 2410 679 2449 ex
703 2390 787 2448 Italia
811 2391 898 2459 exire,
922 2389 1009 2448 Tullo

59 2486 156 2544 multo
174 2488 287 2560 minus;
310 2490 411 2547 crebro
433 2489 511 2548 enim
532 2488 605 2546 illius
626 2489 736 2546 litterae
758 2489 794 2546 ab
816 2487 877 2546 aliis
898 2488 935 2545 ad
954 2506 1010 2546 nos

59 2596 238 2644 commeant.
283 2585 341 2645 Sed
373 2605 422 2645 me
454 2586 569 2646 illorum
598 2587 759 2645 sententiae
786 2587 883 2644 minus
910 2604 1010 2646 move·

59 2687 150 2755 bant;
179 2685 275 2744 minus
300 2685 391 2743 multa
415 2685 555 2745 dederant
578 2685 617 2743 illi
641 2687 682 2744 rci
707 2685 840 2762 publicae
867 2685 1009 2762 pignora:

59 2795 112 2842 tua
140 2802 189 2842 me
218 2783 334 2843 hercule
362 2786 517 2844 auctoritas
552 2785 737 2842 vehementer
770 2794 883 2857 movct;
918 2785 1010 2845 adfert

60 2882 143 2942 enim
167 2890 196 2940 et
219 2883 320 2960 reliqui
341 2885 480 2960 temporis
500 2883 690 2960 recuperandi
710 2884 853 2954 rationem
875 2893 904 2942 et
925 2903 1007 2960 prae-

60 2981 154 3040 sentis
176 2982 282 3040 tuendi.
326 2981 392 3054 Sed,
408 2984 530 3042 obsecro
549 2992 586 3053 te,
601 2981 672 3058 quid
692 2981 749 3040 hoc
768 2982 901 3041 miserius
921 3002 1009 3060 quam

60 3079 184 3138 alterurn
211 3080 328 3156 plausus
356 3082 386 3139 in
413 3081 582 3140 foedissima
606 3099 695 3138 causa
719 3099 866 3157 quaerere,
889 3080 1009 3141 alterum

60 3177 242 3237 offensiones
259 3180 289 3238 in
308 3181 439 3256 optima?
461 3180 581 3239 alterum
600 3179 757 3238 existimari
775 3190 1009 3240 conservatorem

59 3275 256 3348 inimicorum,
270 3277 392 3337 alterum
407 3279 585 3338 desertorem
598 3278 779 3336 amicorum?
801 3288 830 3336 et
848 3280 1010 3340 mehercule

60 3376 195 3450 quamvis
224 3394 356 3437 amemus
384 3377 519 3437 Gnaeum
547 3386 687 3447 nostrum,
716 3386 747 3435 ut
774 3387 803 3436 et
830 3377 951 3436 facimus
982 3390 1012 3438 et

60 3473 212 3547 debemus,
237 3485 335 3536 tamen
363 3476 428 3550 hoc,
454 3476 534 3554 quod
561 3475 664 3536 talibus
691 3475 758 3534 viris
785 3493 846 3534 non
871 3477 1011 3549 subvenit,
