2512 3844
223 209 284 291 248
494 225 531 274 rr.
558 225 675 274 rnrrrr
696 225 885 275 orcaronrs
1047 214 1118 296 [rm
1133 230 1160 275 v.

413 439 477 494 123.
518 435 575 494 An
596 434 844 496 rrnrcmnns
866 435 917 494 xr.
941 451 967 510 5.

297 541 360 602 Scn.
384 541 493 603 Roman
514 561 605 602 namo
626 561 719 602 nnnsn
740 541 893 602 Dscnnnnr
914 561 996 602 nnc.
1021 559 1091 618 710.

357 669 387 708 n.
408 667 510 709 crcnno
530 667 552 708 s.
567 669 594 708 n.
610 669 638 708 n.
659 667 755 709 nnnro
776 668 834 708 mr.
855 668 913 710 cos.
934 668 1026 709 nssrc.

265 792 288 830 r.
310 771 406 830 Luras
428 771 572 832 familiaris
593 783 691 832 noster
716 791 782 832 cum
805 783 868 831 ate
888 775 1011 832 venisset
1033 793 1159 850 cumque

222 871 335 930 Romae
363 871 507 946 quosdam
535 871 596 930 dies
624 881 860 941 commoraretur,
884 890 941 947 ego
965 890 1046 930 eram
1069 873 1102 930 in
1126 875 1159 930 iis

221 971 300 1040 locis,
322 971 352 1026 in
379 971 485 1046 quibus
512 971 639 1028 maxime
668 981 729 1029 tuto
757 989 804 1028 me
829 987 892 1028 esse
917 971 1090 1044 arbitrabar;
1124 991 1160 1029 eo

220 1069 327 1128 factum
354 1079 397 1128 est
423 1079 455 1127 ut
482 1068 520 1127 ad
548 1078 575 1126 te
604 1068 704 1145 Lupus
732 1070 793 1127 sine
820 1070 892 1127 meis
919 1068 1160 1140 litteris-rediret,

221 1187 288 1227 cum
311 1178 409 1228 tamen
430 1177 564 1239 curasset,
586 1176 649 1224 tuas
670 1167 707 1226 ad
727 1185 775 1224 me
795 1166 987 1243 perferendas.
1030 1167 1160 1226 Romam

220 1277 316 1325 autem
343 1267 409 1325 veni
435 1285 460 1325 a.
486 1266 515 1328 d.
539 1286 565 1324 v.
594 1265 663 1324 Idus
691 1265 773 1337 Dec,
801 1284 856 1325 nec
882 1265 971 1324 habui
1000 1268 1160 1342 quicquam

220 1367 372 1442 antiquins
392 1383 479 1440 quam
500 1375 532 1424 ut
552 1363 679 1422 Pansam
700 1365 796 1423 statim
817 1366 1018 1436 convenirem;
1041 1383 1078 1423 ex
1102 1384 1160 1442 quo

220 1483 255 1523 ea
274 1464 309 1522 de
328 1474 356 1522 te
374 1464 507 1539 cognovi,
527 1482 601 1540 quae
620 1463 746 1521 maxime
764 1465 910 1540 optabam.
953 1462 1020 1535 Qua
1039 1483 1070 1522 re
1093 1465 1159 1523 bor-

220 1562 327 1620 tatione
355 1571 386 1621 tu
408 1562 527 1638 quidem
554 1580 615 1621 non
639 1580 716 1638 eges,
739 1563 762 1620 si
789 1580 827 1620 ne
853 1563 884 1620 in
908 1562 955 1621 illa
978 1563 1100 1638 quidem
1121 1583 1159 1634 re,

221 1679 295 1738 quae
317 1679 334 1718 a
356 1671 383 1719 te
403 1671 486 1736 gesta
506 1671 550 1719 est
570 1671 637 1737 post
657 1659 809 1718 hominnm
830 1662 999 1719 memoriam
1021 1663 1159 1732 maxima,

219 1757 396 1818 hortalorem
424 1760 599 1820 desiderasti.
644 1779 668 1818 2.
690 1759 765 1818 Illud
793 1769 890 1818 tamen
918 1760 1039 1818 breviter
1070 1761 1159 1836 signi-

219 1858 366 1917 ficandum
404 1858 523 1930 videtur,
558 1859 699 1935 populum
734 1858 902 1916 Romanurn
938 1859 1037 1916 omnia
1076 1879 1094 1918 a
1131 1870 1159 1917 te

219 1966 387 2034 exspectare
408 1970 494 2035 atque
514 1957 545 2014 in
568 1967 596 2015 te
617 1957 772 2032 aliquando
794 1956 997 2032 reciperandae
1021 1957 1160 2017 libertatis

219 2074 340 2114 omnem
368 2074 450 2132 spem
478 2073 595 2131 ponere.
644 2055 700 2126 Tu,
730 2056 754 2113 si
781 2055 843 2114 dies
871 2066 1028 2130 noctesque
1056 2059 1159 2116 memi-

220 2155 304 2226 neris,
324 2155 404 2231 quod
424 2163 452 2213 te
473 2153 567 2211 facere
589 2163 667 2212 certo
689 2153 759 2224 scio,
779 2165 918 2230 quantam
942 2173 1003 2212 rem
1024 2159 1159 2231 gesseris,

219 2266 280 2306 non
300 2248 466 2306 obliviscere
486 2246 627 2324 proiecto,
641 2256 766 2324 quantae
785 2248 835 2305 tibi
855 2249 940 2308 etiam
958 2266 1036 2306 nunc
1053 2268 1158 2325 geren-

219 2346 273 2404 dae
309 2347 380 2404 sint:
417 2346 441 2404 si
476 2347 554 2404 enirn
584 2347 638 2404 iste
672 2346 851 2422 provinciam
881 2357 982 2405 nactus
1016 2349 1075 2420 erit,
1112 2353 1158 2408 cui

219 2444 336 2520 quidem
364 2462 420 2520 ego
449 2463 564 2521 semper
591 2445 701 2503 amicus
728 2443 770 2502 fui
795 2454 870 2514 ante,
896 2463 984 2521 quam
1009 2446 1088 2504 illurn
1114 2450 1157 2506 in-

218 2543 313 2602 tellexi
341 2562 402 2602 non
429 2544 520 2602 modo
549 2553 656 2620 aperte,
685 2543 736 2602 sed
764 2544 851 2601 etiam
881 2544 1000 2602 libenter
1027 2564 1096 2605 cum
1127 2567 1158 2606 re

217 2629 334 2716 pirblica
367 2642 474 2700 bellum
509 2661 617 2718 gerere,
646 2660 729 2718 spem
761 2641 902 2718 reliquam
934 2643 1042 2701 nullam
1072 2645 1157 2703 video

218 2738 324 2799 salutis.
377 2760 403 2815 3.
434 2739 533 2812 Quam
554 2743 594 2799 ob
614 2759 676 2799 rem
697 2751 724 2798 te
745 2741 868 2800 obsecro
889 2741 993 2800 iisdem
1012 2730 1158 2820 precibus,

219 2837 322 2913 quibus
348 2849 463 2898 senatus
486 2840 671 2916 populusque
694 2838 855 2910 Romanus,
876 2849 908 2897 nt
932 2841 962 2897 in
985 2851 1159 2917 perpetuum

218 2954 280 2993 rem
301 2938 444 3011 publicam
466 2938 617 2996 dominatu
637 2938 718 3013 regio
739 2938 850 3008 liberes,
864 2949 896 2996 ut
916 2939 1064 3015 principiis
1086 2959 1157 2999 con-

218 3035 342 3095 sentiant
365 3038 465 3096 exitus.
506 3036 606 3095 Tuum
631 3046 674 3094 est
698 3035 755 3096 hoc
779 3054 894 3108 munus,
917 3047 982 3096 tuae
1004 3047 1158 3115 partes3a

217 3143 245 3191 te
267 3133 323 3192 hoc
348 3136 445 3193 civitas
466 3136 511 3194 vel
534 3154 637 3194 omnes
660 3135 756 3211 potius
778 3145 880 3210 gentes
903 3153 963 3194 non
987 3147 1157 3213 exspectant

217 3232 321 3302 solum,
349 3233 402 3290 sed
432 3235 518 3291 etiam
548 3235 712 3309 postulant:
744 3252 929 3310 quamquam,
960 3253 1027 3292 cum
1059 3235 1157 3294 horta-

217 3330 296 3386 tione
321 3346 381 3386 non
402 3347 496 3402 egeas,
517 3341 547 3388 nt
568 3349 654 3406 supra
676 3331 784 3407 scripsi,
804 3349 866 3391 non
887 3342 950 3389 utar
971 3351 1006 3391 ea
1025 3333 1156 3408 pluribus

217 3427 309 3485 verbis
319 3445 328 3498 ;
350 3426 453 3484 faciam
474 3427 551 3498 illud,
565 3428 646 3503 quod
667 3446 764 3486 meum
785 3439 837 3500 est,
852 3439 883 3487 ut
904 3430 955 3488 tibi
974 3432 1073 3490 omnia
1089 3451 1157 3492 mea
