2432 3844
491 213 529 261 rr.
555 211 677 261 rurrrr
698 212 886 261 oroanorvrs
1042 199 1115 281 [pars
1136 211 1165 255 n.

446 523 490 576 25.
534 517 590 576 An
611 517 805 578 Arrrcum
826 517 879 576 rv.
902 532 929 592 5.

307 635 372 695 Scn.
393 651 423 692 nr
444 634 574 692 Anrmrr
594 653 621 693 v.
643 634 713 694 Inus
733 635 860 693 Arnrnrs
881 651 963 693 nuc.
988 634 1062 708 698.

528 760 629 800 crcrno
650 761 756 802 nrrrco
776 761 837 801 sm.

260 879 284 916 1.
305 860 363 917 Ant
391 859 442 915 tu?
473 876 510 914 an
531 876 578 915 me
599 858 746 916 existimas
768 859 804 916 ab
825 857 883 916 ullo
905 857 990 914 malle
1012 874 1085 913 mea
1107 854 1160 927 legi

215 958 388 1034 probarique
407 974 496 1031 quarn
511 975 528 1014 a
542 957 590 1014 te?
634 955 693 1015 Cur
713 957 798 1032 igitur
816 957 951 1032 cuiquam
971 955 1039 1012 misi
1062 952 1160 1029 prius?

205 1055 348 1133 .Urgebar
363 1056 400 1112 ab
415 1073 460 1124 eo,
482 1055 518 1112 ad
533 1071 620 1130 quem
634 1056 707 1125 misi,
722 1065 750 1112 et
764 1073 824 1113 non
838 1055 982 1113 habebam
1001 1052 1159 1128 exemplar.

216 1154 317 1226 Quid?
343 1154 582 1212 etiam—dudum
603 1155 680 1211 enim
702 1155 892 1224 circumrodo,
914 1153 995 1230 quod
1016 1153 1159 1210 devoran-

215 1254 285 1310 dum
313 1252 608 1327 est-subturpicula
635 1251 705 1311 mihi
732 1253 881 1311 videbatur
911 1269 975 1310 esse
1008 1251 1158 1325 παλινῳδία.

216 1351 274 1409 Sed
295 1350 407 1407 valeant
426 1359 511 1418 recta,
529 1367 603 1419 vera,
622 1349 745 1409 honesta
763 1350 900 1408 consilia:
923 1366 984 1406 non
1006 1358 1051 1406 est
1069 1345 1158 1405 credi-

217 1449 281 1517 bile,
297 1467 372 1524 quae
394 1448 429 1505 sit
447 1448 568 1522 perfidia
588 1449 617 1505 in
639 1449 699 1506 istis
717 1448 902 1524 principibus,
923 1457 954 1505 ut
976 1447 1076 1505 volunt
1096 1463 1158 1504 esse

218 1558 246 1606 et
273 1556 304 1605 ut
332 1555 437 1615 essent,
466 1547 490 1604 si
518 1546 674 1622 quicquam
701 1545 839 1604 haberent
867 1545 942 1604 fidei.
994 1545 1157 1613 Senseram,

218 1663 320 1704 noram
348 1645 491 1715 inductuS,
516 1644 638 1715 relictus,
661 1645 806 1719 proiectus
831 1645 867 1701 ab
892 1645 926 1701 iis
937 1664 944 1716 ;
974 1653 1073 1701 tamen
1101 1642 1156 1699 hoc

218 1762 297 1803 eram
312 1746 417 1812 animo,
433 1754 464 1801 ut
481 1760 548 1801 cum
567 1743 600 1801 iis
619 1744 694 1801 inre
708 1743 824 1818 publica
838 1743 1048 1801 consentirem:
1070 1743 1155 1800 iidem

217 1853 306 1913 erant,
330 1843 379 1918 qui
407 1843 527 1900 fuerant.
568 1842 627 1902 Vix
656 1843 811 1917 aliquando
839 1851 868 1900 te
896 1851 1014 1900 auctore
1042 1843 1154 1918 resipui.

220 1962 246 2000 2.
267 1941 356 2000 Dices
379 1960 413 1999 ea
439 1951 524 1999 tenus
548 1951 576 1999 te
599 1942 730 2008 suasisse,
752 1959 811 2017 qua
834 1940 968 2010 facerem,
991 1957 1051 1997 non
1070 1941 1153 1998 etiam

218 2053 249 2100 ut
270 2042 434 2100 scriberem.
475 2038 542 2116 Ego
570 2039 734 2098 mehercule
758 2039 828 2096 mihi
852 2040 1053 2098 necessitatem
1080 2039 1154 2097 volui

218 2142 367 2217 imponere
384 2140 468 2197 huius
488 2158 580 2198 novae
600 2139 820 2209 coniunctionis,
836 2158 873 2196 ne
895 2157 953 2214 qua
971 2139 1041 2196 mihi
1061 2138 1153 2196 liceret

217 2240 275 2297 labi
298 2240 335 2297 ad
362 2240 434 2309 illos,
456 2239 506 2314 qui
527 2239 613 2297 etiam
635 2249 705 2309 tum,
728 2256 795 2295 cum
816 2238 942 2296 misereri
964 2237 1021 2294 mei
1043 2237 1151 2305 debent,

218 2356 279 2396 non
304 2339 439 2396 desinunt
466 2337 601 2396 invidere.
644 2336 702 2395 Sed
723 2346 821 2395 tamen
842 2337 949 2394 modici
970 2335 1074 2394 fuimus
1095 2337 1151 2392 ὑπο-

219 2439 297 2506 θέσει,
327 2448 357 2494 ut
386 2437 502 2512 scripsi:
535 2436 642 2494 erimus
669 2435 823 2505 uberiores,
858 2435 881 2492 si
909 2444 937 2493 et
965 2433 1011 2492 ille
1039 2434 1151 2492 libenter

218 2535 339 2608 accipiet
356 2545 384 2591 et
402 2534 421 2590 ii
439 2535 650 2609 subringentur,
670 2535 719 2610 qui
739 2534 833 2591 villam
854 2552 901 2590 me
922 2532 1043 2592 moleste
1064 2534 1151 2592 serunt

219 2629 334 2699 habere,
366 2649 439 2706 quae
469 2630 562 2690 Catuli
589 2630 689 2702 fuerat,
719 2650 736 2689 a
763 2630 862 2689 Vettio
890 2649 937 2688 me
966 2631 1068 2688 emisse
1093 2651 1150 2691 non

220 2727 365 2802 cogitant3
395 2729 443 2803 qui
465 2729 584 2788 domum
605 2740 714 2804 negant
741 2731 903 2805 oportuisse
923 2747 971 2787 me
1000 2731 1150 2800 aedificare,

220 2825 343 2882 vendere
369 2827 447 2883 aiunt
468 2828 639 2902 oportuisse.
682 2827 741 2886 Sed
763 2827 832 2904 quid
853 2827 891 2885 ad
913 2827 978 2897 hoc,
1000 2828 1032 2898 si,
1053 2828 1149 2904 quibus

221 2923 368 2980 sententiis
390 2924 449 2981 dixi
470 2926 549 3000 quod
570 2934 599 2983 et
617 2926 671 3001 ipsi
691 2928 856 3002 probarent,
871 2925 967 2984 laetati
982 2935 1047 2984 sunt
1060 2935 1148 2984 tamen

221 3039 268 3078 me
299 3029 401 3078 contra
431 3020 563 3098 Pompeii
591 3024 768 3082 voluntatem
797 3023 923 3081 dixisse?
965 3023 1050 3082 Finis.
1095 3024 1148 3084 Sed

221 3107 367 3194 quoniam,
390 3120 439 3195 qui
460 3120 531 3178 nihil
551 3131 681 3197 possunt,
702 3122 720 3180 ii
741 3141 789 3180 me
810 3121 912 3179 nolunt
932 3140 1036 3193 amare,
1054 3122 1147 3181 demus

221 3235 340 3292 operam
368 3228 399 3275 ut
427 3219 463 3277 ab
491 3221 535 3290 iis,
567 3221 616 3296 qui
646 3231 777 3297 possunt,
811 3221 971 3297 diligamur.
1020 3241 1044 3296 3.
1067 3221 1147 3281 Dices

224 3314 343 3372 ‘vellem
371 3317 428 3373 iam
457 3317 585 3392 pridem?
627 3319 694 3377 Seio
715 3329 743 3376 te
764 3318 888 3378 voluisse
916 3330 944 3378 et
971 3338 1019 3378 me
1045 3322 1146 3378 asinum

222 3429 394 3487 germanum
409 3413 505 3473 luisse.
548 3415 606 3474 Sed
627 3417 684 3474 iam
704 3427 817 3492 tempus
837 3428 880 3476 est
896 3437 944 3478 me
966 3420 1057 3496 ipsum
1075 3437 1147 3478 ame
