<?xml version="1.0" encoding="UTF-8"?>
<!DOCTYPE html PUBLIC "-//W3C//DTD XHTML 1.0 Transitional//EN"
    "http://www.w3.org/TR/xhtml1/DTD/xhtml1-transitional.dtd">
<html xmlns="http://www.w3.org/1999/xhtml" xml:lang="en" lang="en">
 <head>
  <title>
</title>
<meta http-equiv="Content-Type" content="text/html;charset=utf-8" />
  <meta name='ocr-system' content='tesseract 3.04.00' />
  <meta name='ocr-capabilities' content='ocr_page ocr_carea ocr_par ocr_line ocrx_word'/>
</head>
<body>
  <div class='ocr_page' id='page_1' title='image "./epistolaeselect00watsgoog/epistolaeselect00watsgoog_0045.png"; bbox 0 0 2432 3844; ppageno 0'>
   <div class='ocr_carea' id='block_1_1' title="bbox 190 201 1144 284">
    <p class='ocr_par' dir='ltr' id='par_1_1' title="bbox 190 201 1144 284">
     <span class='ocr_line' id='line_1_1' title="bbox 190 201 1144 284; baseline 0.001 -24"><span class='ocrx_word' id='word_1_1' title='bbox 190 222 232 284; x_wconf 84' lang='lat'>24</span> <span class='ocrx_word' id='word_1_2' title='bbox 461 213 499 262; x_wconf 78' lang='lat' dir='ltr'>rr.</span> <span class='ocrx_word' id='word_1_3' title='bbox 525 211 644 262; x_wconf 79' lang='lat' dir='ltr'>runnu</span> <span class='ocrx_word' id='word_1_4' title='bbox 665 212 854 262; x_wconf 80' lang='lat' dir='ltr'>oronxorrrs</span> <span class='ocrx_word' id='word_1_5' title='bbox 1027 201 1099 284; x_wconf 68' lang='lat' dir='ltr'>[aas</span> <span class='ocrx_word' id='word_1_6' title='bbox 1121 213 1144 261; x_wconf 86' lang='lat' dir='ltr'>r.</span> 
     </span>
    </p>
   </div>
   <div class='ocr_carea' id='block_1_2' title="bbox 158 372 1146 3474">
    <p class='ocr_par' dir='ltr' id='par_1_2' title="bbox 158 372 1146 3474">
     <span class='ocr_line' id='line_1_2' title="bbox 190 372 1146 450; baseline -0.003 -17"><span class='ocrx_word' id='word_1_7' title='bbox 190 394 253 434; x_wconf 90' lang='lat' dir='ltr'>rem</span> <span class='ocrx_word' id='word_1_8' title='bbox 273 373 419 450; x_wconf 83' lang='lat' dir='ltr'>publicam</span> <span class='ocrx_word' id='word_1_9' title='bbox 439 372 568 450; x_wconf 87' lang='lat' dir='ltr'>perdere,</span> <span class='ocrx_word' id='word_1_10' title='bbox 590 390 678 448; x_wconf 88' lang='lat' dir='ltr'>quam</span> <span class='ocrx_word' id='word_1_11' title='bbox 699 373 838 432; x_wconf 89' lang='lat' dir='ltr'><strong>similibus</strong></span> <span class='ocrx_word' id='word_1_12' title='bbox 860 372 921 432; x_wconf 90' lang='lat' dir='ltr'>eius</span> <span class='ocrx_word' id='word_1_13' title='bbox 942 390 990 430; x_wconf 90' lang='lat' dir='ltr'>me</span> <span class='ocrx_word' id='word_1_14' title='bbox 1012 373 1146 432; x_wconf 87' lang='lat' dir='ltr'>consule</span> 
     </span>
     <span class='ocr_line' id='line_1_3' title="bbox 190 471 1144 550; baseline -0.002 -19"><span class='ocrx_word' id='word_1_15' title='bbox 190 473 316 550; x_wconf 87' lang='lat' dir='ltr'>patriciis</span> <span class='ocrx_word' id='word_1_16' title='bbox 345 481 421 530; x_wconf 90' lang='lat' dir='ltr'>esset</span> <span class='ocrx_word' id='word_1_17' title='bbox 448 472 561 530; x_wconf 90' lang='lat' dir='ltr'>licitum.</span> <span class='ocrx_word' id='word_1_18' title='bbox 605 471 677 542; x_wconf 88' lang='lat' dir='ltr'>Iam,</span> <span class='ocrx_word' id='word_1_19' title='bbox 707 490 774 530; x_wconf 91' lang='lat' dir='ltr'>cum</span> <span class='ocrx_word' id='word_1_20' title='bbox 803 490 834 529; x_wconf 91' lang='lat' dir='ltr'>se</span> <span class='ocrx_word' id='word_1_21' title='bbox 860 471 907 530; x_wconf 92' lang='lat' dir='ltr'>ille</span> <span class='ocrx_word' id='word_1_22' title='bbox 935 471 1058 546; x_wconf 88' lang='lat' dir='ltr'>septimo</span> <span class='ocrx_word' id='word_1_23' title='bbox 1085 471 1144 529; x_wconf 88' lang='lat' dir='ltr'>die</span> 
     </span>
     <span class='ocr_line' id='line_1_4' title="bbox 190 569 1144 646; baseline -0.002 -18"><span class='ocrx_word' id='word_1_24' title='bbox 190 572 301 630; x_wconf 88' lang='lat' dir='ltr'>venisse</span> <span class='ocrx_word' id='word_1_25' title='bbox 329 590 347 630; x_wconf 88' lang='lat' dir='ltr'>a</span> <span class='ocrx_word' id='word_1_26' title='bbox 375 571 447 630; x_wconf 85' lang='lat' dir='ltr'>freto</span> <span class='ocrx_word' id='word_1_27' title='bbox 472 589 566 646; x_wconf 91' lang='lat' dir='ltr'>neque</span> <span class='ocrx_word' id='word_1_28' title='bbox 591 570 644 627; x_wconf 93' lang='lat' dir='ltr'>sibi</span> <span class='ocrx_word' id='word_1_29' title='bbox 670 571 786 628; x_wconf 90' lang='lat' dir='ltr'>obviam</span> <span class='ocrx_word' id='word_1_30' title='bbox 808 587 986 645; x_wconf 87' lang='lat' dir='ltr'>quemquam</span> <span class='ocrx_word' id='word_1_31' title='bbox 1014 569 1144 646; x_wconf 92' lang='lat' dir='ltr'>prodire</span> 
     </span>
     <span class='ocr_line' id='line_1_5' title="bbox 191 668 1143 748; baseline -0.002 -20"><span class='ocrx_word' id='word_1_32' title='bbox 191 671 320 748; x_wconf 91' lang='lat' dir='ltr'>potuisse</span> <span class='ocrx_word' id='word_1_33' title='bbox 334 679 362 728; x_wconf 88' lang='lat' dir='ltr'>et</span> <span class='ocrx_word' id='word_1_34' title='bbox 377 679 465 728; x_wconf 90' lang='lat' dir='ltr'>noctu</span> <span class='ocrx_word' id='word_1_35' title='bbox 480 687 510 728; x_wconf 92' lang='lat' dir='ltr'>se</span> <span class='ocrx_word' id='word_1_36' title='bbox 531 669 662 727; x_wconf 88' lang='lat' dir='ltr'>introisse</span> <span class='ocrx_word' id='word_1_37' title='bbox 680 668 798 726; x_wconf 88' lang='lat' dir='ltr'>dixisset</span> <span class='ocrx_word' id='word_1_38' title='bbox 812 668 841 726; x_wconf 92' lang='lat' dir='ltr'>in</span> <span class='ocrx_word' id='word_1_39' title='bbox 860 687 955 744; x_wconf 91' lang='lat' dir='ltr'>eoque</span> <span class='ocrx_word' id='word_1_40' title='bbox 970 669 1045 726; x_wconf 90' lang='lat' dir='ltr'>sein</span> <span class='ocrx_word' id='word_1_41' title='bbox 1060 687 1143 727; x_wconf 93' lang='lat' dir='ltr'>con-</span> 
     </span>
     <span class='ocr_line' id='line_1_6' title="bbox 191 766 1143 838; baseline -0.003 -12"><span class='ocrx_word' id='word_1_42' title='bbox 191 768 270 826; x_wconf 86' lang='lat' dir='ltr'>tione</span> <span class='ocrx_word' id='word_1_43' title='bbox 294 768 434 838; x_wconf 89' lang='lat' dir='ltr'>lactasset,</span> <span class='ocrx_word' id='word_1_44' title='bbox 460 766 530 824; x_wconf 92' lang='lat' dir='ltr'>nihil</span> <span class='ocrx_word' id='word_1_45' title='bbox 558 768 584 824; x_wconf 88' lang='lat' dir='ltr'>ei</span> <span class='ocrx_word' id='word_1_46' title='bbox 612 767 680 824; x_wconf 92' lang='lat' dir='ltr'>novi</span> <span class='ocrx_word' id='word_1_47' title='bbox 707 767 766 824; x_wconf 86' lang='lat' dir='ltr'>dixi</span> <span class='ocrx_word' id='word_1_48' title='bbox 794 767 942 836; x_wconf 89' lang='lat' dir='ltr'>accidisse,</span> <span class='ocrx_word' id='word_1_49' title='bbox 970 785 1006 824; x_wconf 85' lang='lat' dir='ltr'>ex</span> <span class='ocrx_word' id='word_1_50' title='bbox 1036 767 1143 825; x_wconf 88' lang='lat' dir='ltr'>Sicilia</span> 
     </span>
     <span class='ocr_line' id='line_1_7' title="bbox 191 859 1140 939; baseline -0.003 -18"><span class='ocrx_word' id='word_1_51' title='bbox 191 863 313 939; x_wconf 91' lang='lat' dir='ltr'>septimo</span> <span class='ocrx_word' id='word_1_52' title='bbox 339 861 385 920; x_wconf 92' lang='lat' dir='ltr'>die</span> <span class='ocrx_word' id='word_1_53' title='bbox 408 861 550 919; x_wconf 88' lang='lat' dir='ltr'><strong>Romam:</strong></span> <span class='ocrx_word' id='word_1_54' title='bbox 581 861 669 918; x_wconf 88' lang='lat' dir='ltr'>tribus</span> <span class='ocrx_word' id='word_1_55' title='bbox 693 860 772 918; x_wconf 91' lang='lat' dir='ltr'>horis</span> <span class='ocrx_word' id='word_1_56' title='bbox 797 859 895 918; x_wconf 89' lang='lat' dir='ltr'>Roma</span> <span class='ocrx_word' id='word_1_57' title='bbox 916 860 1140 930; x_wconf 65' lang='lat' dir='ltr'>Interamnam</span> 
     </span>
     <span class='ocr_line' id='line_1_8' title="bbox 191 959 1140 1031; baseline -0.005 -11"><span class='ocrx_word' id='word_1_58' title='bbox 191 972 279 1020; x_wconf 89' lang='lat' dir='ltr'>noctu</span> <span class='ocrx_word' id='word_1_59' title='bbox 300 961 450 1019; x_wconf 89' lang='lat' dir='ltr'>introisse:</span> <span class='ocrx_word' id='word_1_60' title='bbox 472 959 542 1017; x_wconf 89' lang='lat' dir='ltr'>item</span> <span class='ocrx_word' id='word_1_61' title='bbox 563 969 646 1031; x_wconf 91' lang='lat' dir='ltr'>ante;</span> <span class='ocrx_word' id='word_1_62' title='bbox 673 977 734 1017; x_wconf 91' lang='lat' dir='ltr'>non</span> <span class='ocrx_word' id='word_1_63' title='bbox 755 977 819 1017; x_wconf 91' lang='lat' dir='ltr'>esse</span> <span class='ocrx_word' id='word_1_64' title='bbox 840 959 910 1016; x_wconf 91' lang='lat' dir='ltr'>itum</span> <span class='ocrx_word' id='word_1_65' title='bbox 932 961 1063 1017; x_wconf 88' lang='lat' dir='ltr'>obviam:</span> <span class='ocrx_word' id='word_1_66' title='bbox 1097 977 1140 1016; x_wconf 91' lang='lat' dir='ltr'>ne</span> 
     </span>
     <span class='ocr_line' id='line_1_9' title="bbox 190 1057 1138 1136; baseline -0.003 -19"><span class='ocrx_word' id='word_1_67' title='bbox 190 1070 252 1118; x_wconf 90' lang='lat' dir='ltr'>turn</span> <span class='ocrx_word' id='word_1_68' title='bbox 277 1059 402 1136; x_wconf 88' lang='lat' dir='ltr'>quidem,</span> <span class='ocrx_word' id='word_1_69' title='bbox 423 1076 490 1117; x_wconf 91' lang='lat' dir='ltr'>cum</span> <span class='ocrx_word' id='word_1_70' title='bbox 511 1057 543 1114; x_wconf 92' lang='lat' dir='ltr'>iri</span> <span class='ocrx_word' id='word_1_71' title='bbox 564 1059 690 1115; x_wconf 86' lang='lat' dir='ltr'>maxime</span> <span class='ocrx_word' id='word_1_72' title='bbox 715 1057 851 1116; x_wconf 84' lang='lat' dir='ltr'>debuerit</span> <span class='ocrx_word' id='word_1_73' title='bbox 896 1058 975 1129; x_wconf 88' lang='lat' dir='ltr'>Quid</span> <span class='ocrx_word' id='word_1_74' title='bbox 996 1057 1138 1132; x_wconf 87' lang='lat' dir='ltr'>quaeris?</span> 
     </span>
     <span class='ocr_line' id='line_1_10' title="bbox 189 1155 1138 1233; baseline -0.002 -19"><span class='ocrx_word' id='word_1_75' title='bbox 189 1157 340 1216; x_wconf 89' lang='lat' dir='ltr'>hominem</span> <span class='ocrx_word' id='word_1_76' title='bbox 361 1157 537 1233; x_wconf 88' lang='lat' dir='ltr'>petulantem</span> <span class='ocrx_word' id='word_1_77' title='bbox 565 1155 729 1214; x_wconf 90' lang='lat' dir='ltr'>modestum</span> <span class='ocrx_word' id='word_1_78' title='bbox 756 1155 846 1214; x_wconf 91' lang='lat' dir='ltr'>reddo</span> <span class='ocrx_word' id='word_1_79' title='bbox 867 1174 929 1214; x_wconf 88' lang='lat' dir='ltr'>non</span> <span class='ocrx_word' id='word_1_80' title='bbox 950 1156 1044 1213; x_wconf 92' lang='lat' dir='ltr'>solum</span> <span class='ocrx_word' id='word_1_81' title='bbox 1065 1174 1138 1232; x_wconf 90' lang='lat' dir='ltr'>per-</span> 
     </span>
     <span class='ocr_line' id='line_1_11' title="bbox 190 1253 1135 1331; baseline -0.002 -19"><span class='ocrx_word' id='word_1_82' title='bbox 190 1265 277 1331; x_wconf 91' lang='lat' dir='ltr'>petua</span> <span class='ocrx_word' id='word_1_83' title='bbox 292 1255 428 1329; x_wconf 88' lang='lat' dir='ltr'>gravitate</span> <span class='ocrx_word' id='word_1_84' title='bbox 443 1254 588 1324; x_wconf 80' lang='lat' dir='ltr'>oraticula,</span> <span class='ocrx_word' id='word_1_85' title='bbox 610 1253 761 1312; x_wconf 86' lang='lat' dir='ltr'>sedetiam</span> <span class='ocrx_word' id='word_1_86' title='bbox 779 1253 836 1312; x_wconf 91' lang='lat' dir='ltr'>hoc</span> <span class='ocrx_word' id='word_1_87' title='bbox 847 1272 953 1329; x_wconf 86' lang='lat' dir='ltr'>genere</span> <span class='ocrx_word' id='word_1_88' title='bbox 968 1253 1135 1327; x_wconf 87' lang='lat' dir='ltr'>dictorum;</span> 
     </span>
     <span class='ocr_line' id='line_1_12' title="bbox 190 1352 1135 1429; baseline -0.002 -18"><span class='ocrx_word' id='word_1_89' title='bbox 190 1355 285 1429; x_wconf 85' lang='lat' dir='ltr'>itaque</span> <span class='ocrx_word' id='word_1_90' title='bbox 307 1353 364 1410; x_wconf 89' lang='lat' dir='ltr'>iam</span> <span class='ocrx_word' id='word_1_91' title='bbox 385 1352 557 1410; x_wconf 85' lang='lat' dir='ltr'>familiariter</span> <span class='ocrx_word' id='word_1_92' title='bbox 577 1370 644 1410; x_wconf 90' lang='lat' dir='ltr'>cum</span> <span class='ocrx_word' id='word_1_93' title='bbox 665 1352 729 1427; x_wconf 91' lang='lat' dir='ltr'>ipso</span> <span class='ocrx_word' id='word_1_94' title='bbox 751 1352 867 1410; x_wconf 91' lang='lat' dir='ltr'>cavillor</span> <span class='ocrx_word' id='word_1_95' title='bbox 888 1370 922 1410; x_wconf 91' lang='lat' dir='ltr'>ac</span> <span class='ocrx_word' id='word_1_96' title='bbox 937 1353 1036 1425; x_wconf 86' lang='lat' dir='ltr'>iocor;</span> <span class='ocrx_word' id='word_1_97' title='bbox 1059 1353 1135 1428; x_wconf 91' lang='lat' dir='ltr'>quin</span> 
     </span>
     <span class='ocr_line' id='line_1_13' title="bbox 190 1449 1135 1526; baseline -0.001 -17"><span class='ocrx_word' id='word_1_98' title='bbox 190 1451 285 1521; x_wconf 88' lang='lat' dir='ltr'>etiam,</span> <span class='ocrx_word' id='word_1_99' title='bbox 301 1469 367 1508; x_wconf 91' lang='lat' dir='ltr'>curn</span> <span class='ocrx_word' id='word_1_100' title='bbox 382 1449 567 1508; x_wconf 89' lang='lat' dir='ltr'>candidatum</span> <span class='ocrx_word' id='word_1_101' title='bbox 578 1449 794 1517; x_wconf 89' lang='lat' dir='ltr'>deduceremus,</span> <span class='ocrx_word' id='word_1_102' title='bbox 806 1452 917 1526; x_wconf 91' lang='lat' dir='ltr'>quaerit</span> <span class='ocrx_word' id='word_1_103' title='bbox 932 1468 968 1509; x_wconf 86' lang='lat' dir='ltr'>ex</span> <span class='ocrx_word' id='word_1_104' title='bbox 979 1469 1035 1523; x_wconf 93' lang='lat' dir='ltr'>me,</span> <span class='ocrx_word' id='word_1_105' title='bbox 1057 1469 1135 1508; x_wconf 92' lang='lat' dir='ltr'>num</span> 
     </span>
     <span class='ocr_line' id='line_1_14' title="bbox 191 1547 1134 1624; baseline -0.003 -17"><span class='ocrx_word' id='word_1_106' title='bbox 191 1565 378 1607; x_wconf 89' lang='lat' dir='ltr'>consuessem</span> <span class='ocrx_word' id='word_1_107' title='bbox 401 1547 502 1606; x_wconf 90' lang='lat' dir='ltr'>Siculis</span> <span class='ocrx_word' id='word_1_108' title='bbox 523 1548 619 1605; x_wconf 90' lang='lat' dir='ltr'>locum</span> <span class='ocrx_word' id='word_1_109' title='bbox 643 1548 848 1624; x_wconf 88' lang='lat' dir='ltr'>gladiatoribus</span> <span class='ocrx_word' id='word_1_110' title='bbox 877 1548 964 1607; x_wconf 83' lang='lat' dir='ltr'>dare?</span> <span class='ocrx_word' id='word_1_111' title='bbox 1006 1547 1134 1624; x_wconf 91' lang='lat' dir='ltr'>Negavi.</span> 
     </span>
     <span class='ocr_line' id='line_1_15' title="bbox 191 1645 1133 1723; baseline 0 -19"><span class='ocrx_word' id='word_1_112' title='bbox 191 1646 248 1704; x_wconf 86' lang='lat' dir='ltr'>‘At</span> <span class='ocrx_word' id='word_1_113' title='bbox 269 1645 337 1722; x_wconf 84' lang='lat' dir='ltr'>ego&#39;</span> <span class='ocrx_word' id='word_1_114' title='bbox 358 1646 450 1723; x_wconf 92' lang='lat' dir='ltr'>inquit</span> <span class='ocrx_word' id='word_1_115' title='bbox 473 1651 582 1704; x_wconf 89' lang='lat' dir='ltr'>‘novus</span> <span class='ocrx_word' id='word_1_116' title='bbox 610 1656 749 1722; x_wconf 88' lang='lat' dir='ltr'>patronus</span> <span class='ocrx_word' id='word_1_117' title='bbox 773 1647 935 1720; x_wconf 88' lang='lat' dir='ltr'>instituam;</span> <span class='ocrx_word' id='word_1_118' title='bbox 964 1647 1016 1706; x_wconf 90' lang='lat' dir='ltr'>sed</span> <span class='ocrx_word' id='word_1_119' title='bbox 1037 1665 1133 1717; x_wconf 88' lang='lat' dir='ltr'>soror,</span> 
     </span>
     <span class='ocr_line' id='line_1_16' title="bbox 191 1739 1133 1818; baseline -0.001 -19"><span class='ocrx_word' id='word_1_120' title='bbox 191 1759 265 1818; x_wconf 91' lang='lat' dir='ltr'>quae</span> <span class='ocrx_word' id='word_1_121' title='bbox 286 1750 397 1798; x_wconf 90' lang='lat' dir='ltr'>tantum</span> <span class='ocrx_word' id='word_1_122' title='bbox 424 1740 511 1798; x_wconf 90' lang='lat' dir='ltr'>habet</span> <span class='ocrx_word' id='word_1_123' title='bbox 538 1739 696 1798; x_wconf 90' lang='lat' dir='ltr'>consularis</span> <span class='ocrx_word' id='word_1_124' title='bbox 724 1740 787 1810; x_wconf 89' lang='lat' dir='ltr'>loci,</span> <span class='ocrx_word' id='word_1_125' title='bbox 815 1759 908 1799; x_wconf 92' lang='lat' dir='ltr'>unum</span> <span class='ocrx_word' id='word_1_126' title='bbox 934 1741 1004 1798; x_wconf 89' lang='lat' dir='ltr'>mihi</span> <span class='ocrx_word' id='word_1_127' title='bbox 1033 1739 1133 1799; x_wconf 90' lang='lat' dir='ltr'>solum</span> 
     </span>
     <span class='ocr_line' id='line_1_17' title="bbox 190 1831 1131 1912; baseline 0 -20"><span class='ocrx_word' id='word_1_128' title='bbox 190 1835 296 1912; x_wconf 87' lang='lat' dir='ltr'>pedem</span> <span class='ocrx_word' id='word_1_129' title='bbox 312 1831 376 1893; x_wconf 68' lang='lat' dir='ltr'>dat!</span> <span class='ocrx_word' id='word_1_130' title='bbox 421 1833 523 1892; x_wconf 86' lang='lat' dir='ltr'>‘Noli&#39;</span> <span class='ocrx_word' id='word_1_131' title='bbox 538 1835 658 1910; x_wconf 87' lang='lat' dir='ltr'>inquam</span> <span class='ocrx_word' id='word_1_132' title='bbox 674 1834 728 1892; x_wconf 90' lang='lat' dir='ltr'>‘de</span> <span class='ocrx_word' id='word_1_133' title='bbox 742 1853 801 1892; x_wconf 90' lang='lat' dir='ltr'>uno</span> <span class='ocrx_word' id='word_1_134' title='bbox 819 1835 893 1911; x_wconf 91' lang='lat' dir='ltr'>pede</span> <span class='ocrx_word' id='word_1_135' title='bbox 908 1836 1014 1894; x_wconf 91' lang='lat' dir='ltr'>sororis</span> <span class='ocrx_word' id='word_1_136' title='bbox 1029 1837 1131 1911; x_wconf 90' lang='lat' dir='ltr'>queri;</span> 
     </span>
     <span class='ocr_line' id='line_1_18' title="bbox 189 1929 1131 2009; baseline -0.002 -17"><span class='ocrx_word' id='word_1_137' title='bbox 189 1935 255 1992; x_wconf 93' lang='lat' dir='ltr'>licet</span> <span class='ocrx_word' id='word_1_138' title='bbox 269 1934 355 1992; x_wconf 89' lang='lat' dir='ltr'>etiam</span> <span class='ocrx_word' id='word_1_139' title='bbox 370 1931 490 1990; x_wconf 91' lang='lat' dir='ltr'>alterurn</span> <span class='ocrx_word' id='word_1_140' title='bbox 504 1929 605 1991; x_wconf 90' lang='lat' dir='ltr'>tollas.&#39;</span> <span class='ocrx_word' id='word_1_141' title='bbox 642 1931 730 1990; x_wconf 88' lang='lat' dir='ltr'>‘Non</span> <span class='ocrx_word' id='word_1_142' title='bbox 745 1931 911 1992; x_wconf 90' lang='lat' dir='ltr'>consulare&#39;</span> <span class='ocrx_word' id='word_1_143' title='bbox 926 1934 1038 2009; x_wconf 91' lang='lat' dir='ltr'>inquies</span> <span class='ocrx_word' id='word_1_144' title='bbox 1054 1932 1131 1998; x_wconf 88' lang='lat' dir='ltr'>‘dic-</span> 
     </span>
     <span class='ocr_line' id='line_1_19' title="bbox 190 2028 1131 2110; baseline 0 -20"><span class='ocrx_word' id='word_1_145' title='bbox 190 2043 252 2090; x_wconf 89' lang='lat' dir='ltr'>tum</span> <span class='ocrx_word' id='word_1_146' title='bbox 262 2032 281 2088; x_wconf 89' lang='lat'>:&#39;</span> <span class='ocrx_word' id='word_1_147' title='bbox 296 2032 403 2103; x_wconf 81' lang='lat' dir='ltr'>fateor3</span> <span class='ocrx_word' id='word_1_148' title='bbox 419 2031 471 2089; x_wconf 93' lang='lat' dir='ltr'>sed</span> <span class='ocrx_word' id='word_1_149' title='bbox 482 2049 538 2106; x_wconf 88' lang='lat' dir='ltr'>ego</span> <span class='ocrx_word' id='word_1_150' title='bbox 549 2030 626 2089; x_wconf 87' lang='lat' dir='ltr'>illam</span> <span class='ocrx_word' id='word_1_151' title='bbox 641 2030 690 2088; x_wconf 94' lang='lat' dir='ltr'>odi</span> <span class='ocrx_word' id='word_1_152' title='bbox 703 2031 778 2089; x_wconf 92' lang='lat' dir='ltr'>male</span> <span class='ocrx_word' id='word_1_153' title='bbox 793 2031 991 2090; x_wconf 91' lang='lat' dir='ltr'>consularem:</span> <span class='ocrx_word' id='word_1_154' title='bbox 1009 2028 1069 2110; x_wconf 88' lang='lat' dir='ltr'>[ea]</span> <span class='ocrx_word' id='word_1_155' title='bbox 1084 2044 1131 2091; x_wconf 92' lang='lat' dir='ltr'>est</span> 
     </span>
     <span class='ocr_line' id='line_1_20' title="bbox 190 2121 1130 2210; baseline -0.002 -20"><span class='ocrx_word' id='word_1_156' title='bbox 190 2130 268 2191; x_wconf 90' lang='lat' dir='ltr'>enirn</span> <span class='ocrx_word' id='word_1_157' title='bbox 289 2130 432 2200; x_wconf 89' lang='lat' dir='ltr'>seditiosa,</span> <span class='ocrx_word' id='word_1_158' title='bbox 456 2124 516 2210; x_wconf 89' lang='lat' dir='ltr'>[ea]</span> <span class='ocrx_word' id='word_1_159' title='bbox 539 2121 606 2188; x_wconf 82' lang='lat' dir='ltr'>culn</span> <span class='ocrx_word' id='word_1_160' title='bbox 619 2129 680 2187; x_wconf 92' lang='lat' dir='ltr'>viro</span> <span class='ocrx_word' id='word_1_161' title='bbox 700 2129 807 2187; x_wconf 91' lang='lat' dir='ltr'>bellum</span> <span class='ocrx_word' id='word_1_162' title='bbox 827 2130 909 2205; x_wconf 85' lang='lat' dir='ltr'>gerit,</span> <span class='ocrx_word' id='word_1_163' title='bbox 923 2148 1017 2205; x_wconf 89' lang='lat' dir='ltr'>neque</span> <span class='ocrx_word' id='word_1_164' title='bbox 1033 2129 1130 2188; x_wconf 90' lang='lat' dir='ltr'>solum</span> 
     </span>
     <span class='ocr_line' id='line_1_21' title="bbox 190 2223 1129 2300; baseline -0.002 -15"><span class='ocrx_word' id='word_1_165' title='bbox 190 2245 257 2285; x_wconf 94' lang='lat' dir='ltr'>cum</span> <span class='ocrx_word' id='word_1_166' title='bbox 268 2225 395 2296; x_wconf 91' lang='lat' dir='ltr'>Metello,</span> <span class='ocrx_word' id='word_1_167' title='bbox 407 2224 458 2283; x_wconf 90' lang='lat' dir='ltr'>sed</span> <span class='ocrx_word' id='word_1_168' title='bbox 469 2225 554 2283; x_wconf 89' lang='lat' dir='ltr'>etiarn</span> <span class='ocrx_word' id='word_1_169' title='bbox 565 2241 631 2282; x_wconf 84' lang='lat' dir='ltr'>curn</span> <span class='ocrx_word' id='word_1_170' title='bbox 642 2223 742 2294; x_wconf 91' lang='lat' dir='ltr'>Fabio,</span> <span class='ocrx_word' id='word_1_171' title='bbox 754 2225 834 2300; x_wconf 93' lang='lat' dir='ltr'>quod</span> <span class='ocrx_word' id='word_1_172' title='bbox 847 2242 899 2283; x_wconf 92' lang='lat' dir='ltr'>eos</span> <span class='ocrx_word' id='word_1_173' title='bbox 914 2226 934 2296; x_wconf 88' lang='lat'>†</span> <span class='ocrx_word' id='word_1_174' title='bbox 949 2224 978 2283; x_wconf 94' lang='lat' dir='ltr'>in</span> <span class='ocrx_word' id='word_1_175' title='bbox 992 2223 1048 2282; x_wconf 92' lang='lat' dir='ltr'>hoc</span> <span class='ocrx_word' id='word_1_176' title='bbox 1062 2242 1129 2283; x_wconf 90' lang='lat' dir='ltr'>esse</span> 
     </span>
     <span class='ocr_line' id='line_1_22' title="bbox 189 2322 1129 2406; baseline -0.002 -24"><span class='ocrx_word' id='word_1_177' title='bbox 189 2325 310 2406; x_wconf 86' lang='lat' dir='ltr'>moleste</span> <span class='ocrx_word' id='word_1_178' title='bbox 331 2324 392 2384; x_wconf 85' lang='lat' dir='ltr'>lert.</span> <span class='ocrx_word' id='word_1_179' title='bbox 436 2326 462 2383; x_wconf 91' lang='lat'>6.</span> <span class='ocrx_word' id='word_1_180' title='bbox 477 2324 567 2395; x_wconf 91' lang='lat' dir='ltr'>Quod</span> <span class='ocrx_word' id='word_1_181' title='bbox 581 2323 617 2381; x_wconf 88' lang='lat' dir='ltr'>de</span> <span class='ocrx_word' id='word_1_182' title='bbox 637 2323 746 2399; x_wconf 89' lang='lat' dir='ltr'>agraria</span> <span class='ocrx_word' id='word_1_183' title='bbox 764 2322 828 2398; x_wconf 90' lang='lat' dir='ltr'>lege</span> <span class='ocrx_word' id='word_1_184' title='bbox 843 2323 965 2398; x_wconf 83' lang='lat' dir='ltr'>quaeris,</span> <span class='ocrx_word' id='word_1_185' title='bbox 984 2341 1053 2381; x_wconf 90' lang='lat' dir='ltr'>sane</span> <span class='ocrx_word' id='word_1_186' title='bbox 1067 2323 1129 2381; x_wconf 90' lang='lat' dir='ltr'>iam</span> 
     </span>
     <span class='ocr_line' id='line_1_23' title="bbox 189 2415 1126 2491; baseline 0.001 -16"><span class='ocrx_word' id='word_1_187' title='bbox 189 2419 300 2478; x_wconf 88' lang='lat' dir='ltr'>videtur</span> <span class='ocrx_word' id='word_1_188' title='bbox 313 2418 464 2477; x_wconf 87' lang='lat' dir='ltr'>refrixisse.</span> <span class='ocrx_word' id='word_1_189' title='bbox 497 2416 586 2488; x_wconf 89' lang='lat' dir='ltr'>Quod</span> <span class='ocrx_word' id='word_1_190' title='bbox 602 2434 649 2474; x_wconf 92' lang='lat' dir='ltr'>me</span> <span class='ocrx_word' id='word_1_191' title='bbox 664 2415 793 2491; x_wconf 91' lang='lat' dir='ltr'>quodam</span> <span class='ocrx_word' id='word_1_192' title='bbox 810 2417 900 2476; x_wconf 90' lang='lat' dir='ltr'>modo</span> <span class='ocrx_word' id='word_1_193' title='bbox 914 2417 993 2476; x_wconf 91' lang='lat' dir='ltr'>molli</span> <span class='ocrx_word' id='word_1_194' title='bbox 1007 2417 1126 2476; x_wconf 92' lang='lat' dir='ltr'>brachio</span> 
     </span>
     <span class='ocr_line' id='line_1_24' title="bbox 190 2513 1125 2591; baseline 0 -17"><span class='ocrx_word' id='word_1_195' title='bbox 190 2515 227 2574; x_wconf 94' lang='lat' dir='ltr'>de</span> <span class='ocrx_word' id='word_1_196' title='bbox 241 2516 372 2591; x_wconf 89' lang='lat' dir='ltr'>Pompeii</span> <span class='ocrx_word' id='word_1_197' title='bbox 386 2515 575 2572; x_wconf 84' lang='lat' dir='ltr'>familiaritate</span> <span class='ocrx_word' id='word_1_198' title='bbox 589 2513 732 2588; x_wconf 74' lang='lat' dir='ltr'>obiurgas</span> <span class='ocrx_word' id='word_1_199' title='bbox 747 2514 838 2572; x_wconf 91' lang='lat' dir='ltr'>nolim</span> <span class='ocrx_word' id='word_1_200' title='bbox 857 2515 895 2572; x_wconf 91' lang='lat' dir='ltr'>ita</span> <span class='ocrx_word' id='word_1_201' title='bbox 910 2515 1063 2587; x_wconf 85' lang='lat' dir='ltr'>existimes,</span> <span class='ocrx_word' id='word_1_202' title='bbox 1077 2535 1125 2575; x_wconf 90' lang='lat' dir='ltr'>me</span> 
     </span>
     <span class='ocr_line' id='line_1_25' title="bbox 189 2611 1124 2689; baseline 0.002 -18"><span class='ocrx_word' id='word_1_203' title='bbox 189 2615 247 2671; x_wconf 91' lang='lat' dir='ltr'>mei</span> <span class='ocrx_word' id='word_1_204' title='bbox 258 2612 393 2689; x_wconf 90' lang='lat' dir='ltr'>praesidii</span> <span class='ocrx_word' id='word_1_205' title='bbox 407 2630 494 2671; x_wconf 87' lang='lat' dir='ltr'>causa</span> <span class='ocrx_word' id='word_1_206' title='bbox 507 2630 574 2670; x_wconf 92' lang='lat' dir='ltr'>cum</span> <span class='ocrx_word' id='word_1_207' title='bbox 589 2611 637 2668; x_wconf 94' lang='lat' dir='ltr'>illo</span> <span class='ocrx_word' id='word_1_208' title='bbox 657 2611 843 2670; x_wconf 90' lang='lat' dir='ltr'>coniunctum</span> <span class='ocrx_word' id='word_1_209' title='bbox 862 2632 934 2684; x_wconf 91' lang='lat' dir='ltr'>esse,</span> <span class='ocrx_word' id='word_1_210' title='bbox 955 2613 1006 2672; x_wconf 92' lang='lat' dir='ltr'>sed</span> <span class='ocrx_word' id='word_1_211' title='bbox 1020 2615 1059 2672; x_wconf 86' lang='lat' dir='ltr'>ita</span> <span class='ocrx_word' id='word_1_212' title='bbox 1078 2633 1124 2673; x_wconf 93' lang='lat' dir='ltr'>res</span> 
     </span>
     <span class='ocr_line' id='line_1_26' title="bbox 189 2710 1123 2786; baseline 0.002 -17"><span class='ocrx_word' id='word_1_213' title='bbox 189 2721 250 2770; x_wconf 88' lang='lat' dir='ltr'>erat</span> <span class='ocrx_word' id='word_1_214' title='bbox 270 2711 406 2782; x_wconf 87' lang='lat' dir='ltr'>instituta,</span> <span class='ocrx_word' id='word_1_215' title='bbox 421 2719 461 2781; x_wconf 90' lang='lat' dir='ltr'>ut,</span> <span class='ocrx_word' id='word_1_216' title='bbox 477 2711 501 2768; x_wconf 91' lang='lat' dir='ltr'>si</span> <span class='ocrx_word' id='word_1_217' title='bbox 515 2712 589 2768; x_wconf 90' lang='lat' dir='ltr'>inter</span> <span class='ocrx_word' id='word_1_218' title='bbox 603 2725 659 2766; x_wconf 92' lang='lat' dir='ltr'>nos</span> <span class='ocrx_word' id='word_1_219' title='bbox 681 2720 756 2768; x_wconf 92' lang='lat' dir='ltr'>esset</span> <span class='ocrx_word' id='word_1_220' title='bbox 771 2710 867 2786; x_wconf 81' lang='lat' dir='ltr'>aliqua¹</span> <span class='ocrx_word' id='word_1_221' title='bbox 880 2711 953 2769; x_wconf 90' lang='lat' dir='ltr'>forte</span> <span class='ocrx_word' id='word_1_222' title='bbox 975 2712 1123 2785; x_wconf 90' lang='lat' dir='ltr'>dissensi0,</span> 
     </span>
     <span class='ocr_line' id='line_1_27' title="bbox 188 2806 1120 2883; baseline 0.002 -15"><span class='ocrx_word' id='word_1_223' title='bbox 188 2809 331 2868; x_wconf 89' lang='lat' dir='ltr'>maximas</span> <span class='ocrx_word' id='word_1_224' title='bbox 353 2809 383 2865; x_wconf 89' lang='lat' dir='ltr'>in</span> <span class='ocrx_word' id='word_1_225' title='bbox 404 2826 434 2866; x_wconf 90' lang='lat' dir='ltr'>re</span> <span class='ocrx_word' id='word_1_226' title='bbox 455 2808 571 2883; x_wconf 88' lang='lat' dir='ltr'>publica</span> <span class='ocrx_word' id='word_1_227' title='bbox 592 2806 749 2866; x_wconf 89' lang='lat' dir='ltr'>discordias</span> <span class='ocrx_word' id='word_1_228' title='bbox 769 2809 874 2866; x_wconf 89' lang='lat' dir='ltr'>versari</span> <span class='ocrx_word' id='word_1_229' title='bbox 891 2819 967 2868; x_wconf 90' lang='lat' dir='ltr'>esset</span> <span class='ocrx_word' id='word_1_230' title='bbox 988 2829 1120 2870; x_wconf 89' lang='lat' dir='ltr'>necesse:</span> 
     </span>
     <span class='ocr_line' id='line_1_28' title="bbox 190 2905 1123 2982; baseline 0.003 -18"><span class='ocrx_word' id='word_1_231' title='bbox 190 2907 270 2982; x_wconf 94' lang='lat' dir='ltr'>quod</span> <span class='ocrx_word' id='word_1_232' title='bbox 284 2925 301 2964; x_wconf 98' lang='lat' dir='ltr'>a</span> <span class='ocrx_word' id='word_1_233' title='bbox 315 2924 362 2964; x_wconf 88' lang='lat' dir='ltr'>me</span> <span class='ocrx_word' id='word_1_234' title='bbox 373 2907 411 2963; x_wconf 89' lang='lat' dir='ltr'>ita</span> <span class='ocrx_word' id='word_1_235' title='bbox 425 2913 613 2981; x_wconf 88' lang='lat' dir='ltr'>praecautum</span> <span class='ocrx_word' id='word_1_236' title='bbox 628 2915 714 2982; x_wconf 87' lang='lat' dir='ltr'>atque</span> <span class='ocrx_word' id='word_1_237' title='bbox 729 2905 767 2964; x_wconf 90' lang='lat' dir='ltr'>ita</span> <span class='ocrx_word' id='word_1_238' title='bbox 781 2907 928 2982; x_wconf 91' lang='lat' dir='ltr'>provisum</span> <span class='ocrx_word' id='word_1_239' title='bbox 949 2918 1001 2980; x_wconf 91' lang='lat' dir='ltr'>est,</span> <span class='ocrx_word' id='word_1_240' title='bbox 1017 2927 1076 2967; x_wconf 93' lang='lat' dir='ltr'>non</span> <span class='ocrx_word' id='word_1_241' title='bbox 1092 2921 1123 2968; x_wconf 92' lang='lat' dir='ltr'>ut</span> 
     </span>
     <span class='ocr_line' id='line_1_29' title="bbox 191 3004 1121 3081; baseline 0.003 -18"><span class='ocrx_word' id='word_1_242' title='bbox 191 3022 247 3081; x_wconf 88' lang='lat' dir='ltr'>ego</span> <span class='ocrx_word' id='word_1_243' title='bbox 259 3004 295 3062; x_wconf 95' lang='lat' dir='ltr'>de</span> <span class='ocrx_word' id='word_1_244' title='bbox 306 3004 418 3080; x_wconf 88' lang='lat' dir='ltr'>optima</span> <span class='ocrx_word' id='word_1_245' title='bbox 428 3004 474 3062; x_wconf 89' lang='lat' dir='ltr'>illa</span> <span class='ocrx_word' id='word_1_246' title='bbox 484 3022 550 3062; x_wconf 87' lang='lat' dir='ltr'>mea</span> <span class='ocrx_word' id='word_1_247' title='bbox 564 3004 675 3062; x_wconf 90' lang='lat' dir='ltr'>ratione</span> <span class='ocrx_word' id='word_1_248' title='bbox 686 3004 865 3076; x_wconf 88' lang='lat' dir='ltr'>decederem,</span> <span class='ocrx_word' id='word_1_249' title='bbox 878 3004 930 3063; x_wconf 89' lang='lat' dir='ltr'>sed</span> <span class='ocrx_word' id='word_1_250' title='bbox 944 3015 975 3064; x_wconf 92' lang='lat' dir='ltr'>ut</span> <span class='ocrx_word' id='word_1_251' title='bbox 989 3006 1035 3064; x_wconf 91' lang='lat' dir='ltr'>ille</span> <span class='ocrx_word' id='word_1_252' title='bbox 1049 3018 1121 3066; x_wconf 90' lang='lat' dir='ltr'>esset</span> 
     </span>
     <span class='ocr_line' id='line_1_30' title="bbox 158 3102 1121 3181; baseline 0.007 -25"><span class='ocrx_word' id='word_1_253' title='bbox 158 3151 161 3156; x_wconf 88' lang='lat'><em>.</em></span> <span class='ocrx_word' id='word_1_254' title='bbox 189 3103 292 3161; x_wconf 90' lang='lat' dir='ltr'>melior</span> <span class='ocrx_word' id='word_1_255' title='bbox 306 3112 334 3161; x_wconf 90' lang='lat' dir='ltr'>et</span> <span class='ocrx_word' id='word_1_256' title='bbox 347 3102 453 3178; x_wconf 88' lang='lat' dir='ltr'>aliquid</span> <span class='ocrx_word' id='word_1_257' title='bbox 468 3102 504 3160; x_wconf 92' lang='lat' dir='ltr'>de</span> <span class='ocrx_word' id='word_1_258' title='bbox 518 3103 649 3178; x_wconf 91' lang='lat' dir='ltr'>populari</span> <span class='ocrx_word' id='word_1_259' title='bbox 664 3103 775 3162; x_wconf 88' lang='lat' dir='ltr'>levitate</span> <span class='ocrx_word' id='word_1_260' title='bbox 790 3103 966 3178; x_wconf 90' lang='lat' dir='ltr'>deponeret;</span> <span class='ocrx_word' id='word_1_261' title='bbox 988 3123 1074 3181; x_wconf 93' lang='lat' dir='ltr'>quem</span> <span class='ocrx_word' id='word_1_262' title='bbox 1088 3106 1121 3164; x_wconf 90' lang='lat' dir='ltr'>de</span> 
     </span>
     <span class='ocr_line' id='line_1_31' title="bbox 188 3200 1121 3278; baseline 0.002 -18"><span class='ocrx_word' id='word_1_263' title='bbox 188 3200 262 3260; x_wconf 89' lang='lat' dir='ltr'>meis</span> <span class='ocrx_word' id='word_1_264' title='bbox 288 3201 384 3272; x_wconf 87' lang='lat' dir='ltr'>rebus,</span> <span class='ocrx_word' id='word_1_265' title='bbox 410 3200 442 3260; x_wconf 92' lang='lat' dir='ltr'>in</span> <span class='ocrx_word' id='word_1_266' title='bbox 469 3217 541 3278; x_wconf 88' lang='lat' dir='ltr'>quas</span> <span class='ocrx_word' id='word_1_267' title='bbox 568 3218 634 3258; x_wconf 91' lang='lat' dir='ltr'>eum</span> <span class='ocrx_word' id='word_1_268' title='bbox 662 3201 743 3259; x_wconf 90' lang='lat' dir='ltr'>multi</span> <span class='ocrx_word' id='word_1_269' title='bbox 765 3200 922 3270; x_wconf 85' lang='lat' dir='ltr'>incitarant,</span> <span class='ocrx_word' id='word_1_270' title='bbox 943 3202 1033 3260; x_wconf 89' lang='lat' dir='ltr'>multo</span> <span class='ocrx_word' id='word_1_271' title='bbox 1054 3203 1121 3262; x_wconf 89' lang='lat' dir='ltr'>scito</span> 
     </span>
     <span class='ocr_line' id='line_1_32' title="bbox 188 3297 1118 3378; baseline 0.003 -21"><span class='ocrx_word' id='word_1_272' title='bbox 188 3298 342 3376; x_wconf 83' lang='lat' dir='ltr'>gloriosius</span> <span class='ocrx_word' id='word_1_273' title='bbox 354 3299 488 3376; x_wconf 92' lang='lat' dir='ltr'>quamde</span> <span class='ocrx_word' id='word_1_274' title='bbox 503 3299 562 3358; x_wconf 92' lang='lat' dir='ltr'>suis</span> <span class='ocrx_word' id='word_1_275' title='bbox 576 3298 753 3374; x_wconf 88' lang='lat' dir='ltr'>praedicare;</span> <span class='ocrx_word' id='word_1_276' title='bbox 775 3297 829 3356; x_wconf 92' lang='lat' dir='ltr'>sibi</span> <span class='ocrx_word' id='word_1_277' title='bbox 841 3299 918 3356; x_wconf 90' lang='lat' dir='ltr'>enim</span> <span class='ocrx_word' id='word_1_278' title='bbox 932 3300 1006 3358; x_wconf 90' lang='lat' dir='ltr'>bene</span> <span class='ocrx_word' id='word_1_279' title='bbox 1017 3309 1118 3378; x_wconf 89' lang='lat' dir='ltr'>gestae,</span> 
     </span>
     <span class='ocr_line' id='line_1_33' title="bbox 185 3395 1117 3474; baseline -0.004 -11"><span class='ocrx_word' id='word_1_280' title='bbox 185 3397 258 3463; x_wconf 82' lang='lat' dir='ltr'>mihi</span> <span class='ocrx_word' id='word_1_281' title='bbox 293 3407 478 3458; x_wconf 86' lang='lat' dir='ltr'>conservatae</span> <span class='ocrx_word' id='word_1_282' title='bbox 507 3397 547 3454; x_wconf 90' lang='lat' dir='ltr'>rei</span> <span class='ocrx_word' id='word_1_283' title='bbox 573 3395 706 3474; x_wconf 90' lang='lat' dir='ltr'>publicae</span> <span class='ocrx_word' id='word_1_284' title='bbox 731 3397 780 3456; x_wconf 88' lang='lat' dir='ltr'>dat</span> <span class='ocrx_word' id='word_1_285' title='bbox 808 3397 1013 3457; x_wconf 88' lang='lat' dir='ltr'>testimonium.</span> <span class='ocrx_word' id='word_1_286' title='bbox 1056 3398 1117 3460; x_wconf 91' lang='lat' dir='ltr'>Hoc</span> 
     </span>
    </p>
   </div>
   <div class='ocr_carea' id='block_1_3' title="bbox 0 0 1220 3844">
    <p class='ocr_par' dir='ltr' id='par_1_3' title="bbox 0 0 1220 3844">
     <span class='ocr_line' id='line_1_34' title="bbox 0 0 1220 3844; baseline 0 0"><span class='ocrx_word' id='word_1_287' title='bbox 0 0 1220 3844; x_wconf 95' lang='lat' dir='ltr'> </span> 
     </span>
    </p>
   </div>
  </div>
 </body>
</html>
