2454 3842
216 194 259 274 96
489 206 528 254 Μ.
552 207 675 256 rurrrr
696 207 884 256 cIcERoNlS
1048 195 1115 279 [rm
1129 209 1156 270 11,

216 348 340 425 ‘quain
359 346 476 406 causai'
517 347 558 406 M.
581 348 734 419 Tuccium,
756 359 957 408 accusatorem
980 369 1077 422 suum,
1097 359 1158 428 post

216 448 300 508 ludos
319 447 471 506 Romanos
486 465 568 506 reum
586 449 651 525 lege
670 449 763 508 Plotia
778 450 814 508 de
828 450 855 507 vi
875 448 1017 508 fecithoc
1032 451 1158 520 consilio,

216 546 296 622 quod
321 546 444 616 videbat,
470 547 493 604 si
514 547 757 606 extraordinarius
782 567 847 608 reus
871 566 961 607 nemo
983 551 1158 618 accessisset,

216 646 270 704 sibi
294 645 351 703 hoc
375 663 454 703 anno
478 664 597 704 causam
625 665 690 705 esse
717 647 889 718 dicendam;
925 647 1052 706 dubium
1079 666 1158 724 pono

215 745 255 802 illi
280 761 341 803 non
363 753 431 811 erat,
455 744 525 819 quid
547 744 674 802 futurum
698 754 782 803 esset.
826 745 945 804 Nemini
970 745 1031 805 hoc
1054 746 1159 806 deferre

216 843 421 902 munusculum
445 843 546 901 maluit
570 861 659 918 quarn
684 861 737 902 suo
762 845 932 903 accusatori.
976 844 1082 921 ltaque
1105 846 1161 903 sine

216 942 274 1000 ullo
295 942 489 1017 subscriptore
511 942 659 1001 descendit
680 953 708 1001 et
729 943 874 1002 Tuccium
898 962 982 1002 reum
1004 944 1084 1003 iecit.
1125 945 1161 1001 At

216 1059 282 1117 eg0,
314 1040 399 1099 simul
433 1049 520 1117 atque
556 1023 667 1112 audivi,
694 1043 843 1102 invocatus
878 1042 916 1101 ad
950 1044 1092 1102 subsellia
1124 1044 1162 1100 rei

216 1157 353 1209 occurro;
391 1157 488 1215 surgo,
517 1157 612 1216 neque
646 1142 766 1200 verbum
800 1143 837 1200 de
872 1161 902 1200 re
937 1142 1035 1200 facio:
1072 1152 1161 1200 toturn

218 1237 422 1313 Sempronium
450 1255 542 1313 usque
571 1257 607 1298 eo
634 1257 753 1315 perago,
781 1252 813 1298 ut
841 1240 1009 1299 Vestorium
1046 1259 1162 1318 quoque

215 1338 399 1412 interponam
420 1346 448 1394 et
468 1337 545 1396 illam
566 1337 693 1396 fabulam
712 1357 833 1411 narrem,
855 1358 944 1416 quern
972 1341 1012 1398 ad
1042 1341 1162 1400 modum

215 1436 266 1494 tibi
289 1453 342 1511 pro
365 1435 507 1493 beneficio
531 1436 650 1508 dederit,
673 1436 693 1505 †
717 1439 741 1496 si
762 1440 842 1514 quod
863 1440 973 1496 iniuriis
996 1440 1060 1497 suis
1081 1450 1163 1508 esset,

217 1544 248 1593 ut
278 1534 429 1592 Vestorius
461 1543 578 1594 teneret.
623 1556 648 1595 a.
670 1536 754 1595 Haec
785 1556 903 1614 quoque
937 1556 1050 1613 magna
1087 1555 1164 1596 nunc

216 1634 363 1693 contentio
385 1633 480 1692 forum
501 1644 596 1693 tenet:
626 1634 667 1693 M.
690 1636 824 1695 Servilius
848 1647 1014 1713 postquam,
1039 1647 1073 1696 ut
1099 1656 1164 1696 coe·

217 1743 305 1810 perat,
327 1733 463 1791 omnibus
486 1733 515 1790 in
539 1735 624 1792 rebus
646 1737 773 1794 turbarat
795 1754 850 1794 nec
872 1738 953 1811 quod
974 1753 1038 1795 uon
1056 1738 1164 1796 vende-

217 1844 260 1891 ret
281 1832 436 1911 quicquam
461 1832 611 1909 reliquerat
635 1836 819 1911 maximaque
843 1835 928 1894 nobis
952 1835 1077 1895 traditus
1107 1845 1168 1895 erat

216 1932 330 2004 invidia,
346 1948 441 2007 neque
463 1930 627 1992 Laterensis
648 1945 763 2010 praetor
783 1934 984 2010 expostulante
1007 1934 1165 2006 Pausania,

217 2039 302 2097 nobis
333 2036 470 2113 patronis,
498 2053 555 2102 ovo
585 2052 623 2092 us
653 2052 774 2092 rncvrrrn
804 2051 1003 2103 rnnvanrssnr,
1031 2035 1166 2111 recipere

216 2137 312 2208 voluit,
333 2135 369 2207 Q.
386 2135 483 2205 Pilius,
503 2134 682 2192 necessarius
703 2133 791 2190 Attici
812 2133 911 2204 nostri,
933 2133 969 2190 de
990 2136 1165 2209 repetundis

217 2256 284 2296 eum
305 2235 475 2313 postulavit:
502 2253 611 2310 magna
632 2233 697 2292 ilico
719 2233 796 2292 lama
819 2235 939 2292 surrexit
962 2243 990 2292 et
1016 2234 1055 2292 de
1081 2235 1167 2292 dam-

217 2337 334 2394 natione
355 2334 497 2393 ferventer
518 2333 598 2408 loqui
618 2342 662 2391 est
683 2343 828 2409 coeptum.
872 2331 942 2404 Quo
963 2343 1053 2391 vento
1078 2336 1167 2410 proii-

216 2437 288 2494 citur
316 2435 430 2511 Appius
461 2434 565 2503 minor,
594 2443 626 2491 ut
655 2419 793 2490 indicaret
820 2431 974 2508 pecuniam
1005 2451 1041 2491 ex
1076 2435 1167 2493 bonis

217 2534 312 2610 patris·
325 2533 490 2608 pervenisse
512 2532 549 2591 ad
570 2531 719 2590 Servilium
738 2532 1050 2607 praevaricationisque
1075 2552 1167 2592 causa

218 2634 324 2692 diceret
360 2632 524 2709 depositum
560 2629 622 2688 HS.
654 2650 748 2689 rxxxr.
791 2631 950 2689 Admiraris
985 2633 1168 2691 amentiam:

217 2735 308 2790 immo
337 2731 360 2789 si
388 2732 533 2789 actionem
563 2731 801 2806 stultissimasque
829 2731 865 2788 de
898 2748 938 2801 se,
966 2729 1096 2790 nefarias
1132 2733 1168 2791 de

216 2840 297 2907 patre
332 2829 532 2888 confessiones
567 2829 716 2889 audisses?
773 2849 798 2903 3.
821 2828 909 2887 Mittit
942 2828 973 2887 in
1007 2831 1167 2910 consilium

216 2928 336 2988 eosdem
356 2928 428 2999 illos,
447 2930 496 3004 qui
516 2928 579 2986 lites
596 2929 788 2999 aestimarant,
807 2927 925 2986 iudices.
968 2926 1044 2985 Cum
1066 2948 1167 3008 aequo

217 3047 338 3087 numero
367 3028 526 3086 sententiae
554 3027 682 3097 fuissent,
714 3027 878 3085 Laterensis
909 3026 988 3102 leges
1019 3027 1166 3102 ignorans

217 3128 420 3204 pronuntiavit,
442 3126 511 3203 quid
533 3126 636 3202 singuli
657 3125 772 3185 ordines
794 3126 976 3196 iudicassent,
999 3128 1089 3185 etad
1115 3149 1165 3188 ex-

216 3238 348 3298 tremum,
378 3236 408 3285 ut
436 3227 537 3296 solent,
562 3244 621 3285 rou
648 3229 786 3285 maican.
838 3225 998 3301 Postquam
1026 3225 1166 3288 discessit

216 3339 244 3386 et
273 3345 327 3403 pro
355 3325 489 3383 absoluto
519 3324 651 3382 Servilius
680 3324 779 3382 haberi
806 3335 927 3401 coeptus
955 3333 998 3383 est
1028 3324 1164 3404 legisque

216 3443 307 3482 unum
330 3433 358 3482 et
383 3423 573 3480 centesimum
597 3431 685 3497 caput
702 3421 780 3497 legit,
801 3424 832 3480 in
854 3441 913 3500 quo
936 3423 975 3482 ita
997 3433 1066 3495 erat,
1084 3445 1165 3494 Qvon
