2454 3842
224 253 282 320 108
498 265 536 317 rr.
563 266 683 314 rurrrr
704 266 893 318 crosnours
1047 252 1113 338 [aas
1128 268 1154 314 11.

219 437 281 480 rem
305 416 400 476 redeo.
443 415 585 476 Meditare
607 416 743 476 adversus
768 415 889 476 Brutum
913 433 1033 476 causam
1056 434 1155 489 meam,

220 519 244 577 si
268 517 339 578 haec
363 525 523 586 causaest,
545 525 646 576 contra
670 533 758 592 quarn
782 514 851 576 nihil
875 515 998 578 honeste
1024 514 1081 575 dici
1107 533 1155 590 po·

220 624 283 685 test,
298 614 465 691 praesertim
482 632 549 674 eum
566 614 708 690 integram
725 632 786 676 rem
805 623 833 674 et
852 631 971 675 causam
989 613 1155 690 reliquerim.

223 729 267 783 14.
289 711 412 789 Reliqua
435 721 503 774 sunt
527 712 693 772 domestica.
734 710 781 770 De
809 712 939 788 ἐνδομόχφ
959 712 1054 786 probo
1075 711 1156 781 idem,

219 810 300 886 quod
318 819 356 881 tu,
372 809 536 870 Postumiae
556 809 623 881 filio,
639 809 777 886 quoniam
795 808 930 870 Pontidia
948 818 1088 884 nugatum
1110 809 1158 868 sed

219 909 322 970 vellem
350 907 475 970 adesses.
526 907 555 964 A
582 907 694 978 Quinto
722 906 808 966 fratre
834 905 880 966 his
909 907 1060 966 mensibus
1092 907 1159 964 nihil

219 1006 411 1083 exspectaris3
442 1023 512 1067 nam
539 1005 655 1066 Taurus
682 1015 800 1082 propter
826 1005 907 1064 nives
935 1015 1002 1064 ante
1030 1021 1158 1064 mensem

218 1105 335 1164 Iunium
359 1104 472 1163 transiri
495 1120 557 1163 non
583 1111 687 1178 potest.
729 1102 899 1173 Thermum,
922 1111 954 1160 ut
978 1120 1075 1178 rogas,
1101 1121 1158 1160 ore-

220 1202 351 1262 berrimis
371 1201 468 1260 litteris
489 1200 584 1262 fulcio.
626 1199 658 1260 P.
674 1201 822 1260 Valerium
842 1209 930 1276 negat
950 1200 1058 1262 habere
1081 1201 1158 1276 quic-

218 1317 307 1376 quam
331 1298 483 1360 Deiotarus
511 1317 571 1371 rex,
596 1317 720 1376 eumque
748 1299 786 1358 ait
814 1316 846 1358 se
874 1307 1042 1360 sustentare.
1085 1297 1160 1358 Cum

220 1399 302 1468 scies,
326 1396 440 1456 Romae
461 1398 659 1456 intercalatum
680 1397 716 1458 sit
736 1415 837 1467 necne,
859 1396 943 1455 velim
964 1395 1001 1454 ad
1021 1414 1070 1456 me
1093 1399 1159 1456 scri-

220 1497 272 1554 bas
293 1505 411 1567 certum,
431 1514 490 1572 quo
509 1496 556 1556 die
578 1495 722 1572 mysteria¹
734 1493 828 1558 sutum
848 1493 912 1559 sint.
954 1494 1076 1578 Litteras
1097 1504 1160 1554 tuas

219 1593 314 1654 minus
338 1593 425 1670 paulo
450 1604 598 1671 exspecto,
623 1610 711 1670 quam
735 1593 760 1654 si
785 1591 900 1654 Romae
924 1610 1014 1664 esses,
1041 1591 1095 1656 sed
1119 1601 1160 1650 ta-

218 1709 286 1750 men
300 1701 446 1768 exspecto.

370 1938 372 1943 ,
415 1872 461 1930 37.
504 1865 560 1927 AD
582 1864 833 1929 FAMILIARES
855 1865 894 1926 11.
920 1884 964 1942 13.

293 1981 357 2044 Ser.
380 1981 548 2045 Lsorucusu
562 1999 656 2040 ususu
677 1979 761 2040 Malo
775 1999 902 2040 urrunsa
916 1999 1001 2042 nuc.
1025 1994 1093 2056 704.

333 2109 363 2152 u.
384 2107 486 2151 arcano
507 2106 564 2150 rur.
586 2107 608 2146 s.
629 2107 657 2146 n.
678 2105 708 2150 rr.
730 2105 834 2150 casuro
855 2106 954 2150 suoru
974 2106 1039 2150 cur.

262 2225 286 2263 1.
308 2203 409 2264 Rnnss
422 2212 487 2262 tuas
506 2201 786 2279 quidem-fortasse
805 2203 883 2261 enim
898 2221 960 2261 non
979 2202 1163 2279 periemntur

218 2338 266 2376 -,
282 2303 334 2362 sed
353 2321 454 2364 suaves
474 2301 585 2378 ascipio
605 2301 720 2373 litteras,
734 2302 778 2359 vel
798 2317 870 2378 quas
890 2303 1022 2381 proxime
1039 2322 1163 2382 accepe-

217 2421 287 2473 ram,
309 2420 397 2479 quam
418 2401 591 2478 prudentes!
617 2419 705 2476 quarn
725 2400 807 2459 multi
827 2410 856 2459 et
874 2401 961 2460 officii
981 2411 1011 2460 et
1029 2405 1163 2462 consilii!
1215 2391 1216 2398 ἵ

218 2502 271 2560 etsi
290 2503 390 2560 omnia
411 2502 451 2560 sic
471 2501 675 2559 constitueram
696 2499 766 2558 mihi
786 2501 908 2576 agenda,
921 2510 953 2559 ut
971 2511 1003 2560 tu
1020 2502 1165 2562 admone-

218 2602 280 2671 bas,
306 2609 404 2658 tamen
427 2599 634 2658 confirmantur
658 2609 758 2657 nostra
782 2599 909 2670 consilia,
930 2617 996 2657 cum
1022 2603 1168 2660 sentimus

218 2696 406 2773 prudentibus
420 2697 596 2775 fideliterque
610 2696 795 2756 suadentibus
815 2698 892 2757 idem
905 2699 1002 2757 videri.
1047 2719 1074 2758 a.
1096 2699 1169 2776 Ego

219 2797 418 2872 Appium-ut
437 2815 523 2874 saepe
544 2808 640 2856 tecum
658 2797 771 2856 locutus
788 2798 976 2857 sum-valde
993 2797 1084 2874 diligo
1102 2819 1170 2858 me-

218 2913 275 2970 que
303 2896 340 2953 ab
367 2912 404 2952 eo
431 2895 511 2971 diligi
539 2896 634 2954 statim
662 2905 798 2979 coeptum
825 2914 898 2968 esse,
925 2906 957 2955 ut
988 2898 1170 2957 simultatem

219 2994 414 3068 deposuimus,
430 2994 522 3065 sensi;
544 3013 613 3053 nam
627 3004 656 3052 et
672 2993 847 3054 honorificus
868 2995 898 3054 in
919 3012 966 3053 me
988 2997 1092 3055 consul
1113 2998 1171 3056 suit

219 3101 248 3150 et
269 3092 364 3153 suavis
385 3092 496 3151 amicus
517 3103 546 3151 et
566 3094 713 3153 studiosus
731 3092 892 3153 studiorum
911 3094 998 3152 etiam
1018 3111 1170 3154 meorum.
1200 3153 1204 3166 ,

220 3188 289 3248 Mea
303 3207 371 3248 vero
386 3190 480 3250 officia
494 3191 521 3249 ei
536 3210 596 3250 non
611 3191 735 3252 defuisse
750 3201 780 3250 tu
794 3210 826 3253 es
840 3194 929 3264 testis,
944 3193 990 3251 cui
1009 3192 1068 3251 iam
1086 3218 1170 3266 κωμι-

219 3293 262 3347 κὸς
279 3289 380 3363 arip-ss,
395 3299 427 3348 ut
448 3290 560 3365 opinor,
575 3290 687 3351 accedit
707 3291 826 3363 Phania,
841 3304 869 3350 et
890 3291 1053 3350 mehercule
1075 3292 1170 3349 etiam

219 3387 307 3460 pluris
333 3404 400 3444 eum
423 3385 488 3456 feci,
513 3388 593 3463 quod
616 3398 644 3446 te
668 3389 758 3446 amari
782 3389 819 3446 ab
841 3406 877 3447 eo
899 3390 984 3450 sensi.
1026 3388 1092 3446 lam
1116 3407 1169 3446 me

220 3482 352 3559 Pompeii
370 3491 464 3542 totum
483 3499 547 3540 esse
568 3485 641 3556 scis;
663 3484 784 3543 Brutum
803 3504 820 3543 a
838 3504 885 3544 me
904 3487 993 3544 amari
1009 3486 1168 3564 intellegis
