2452 3842
69 201 178 283 naqa]
263 215 376 263 arrsr.
399 215 448 262 nn
468 214 691 264 rummiens
715 216 761 264 vr.
787 216 815 284 7.
947 215 1005 262 201

68 364 234 440 parcissime
256 365 360 424 facere.
403 365 462 424 Sed
481 376 580 426 tamen
598 385 655 442 ego
670 366 787 444 quidem
808 383 854 422 me
870 363 1008 431 sustinui:

68 462 158 520 multa
181 464 281 535 minui,
303 464 393 522 multa
415 465 523 536 sustuli,
545 465 696 540 complura
716 483 753 522 ne
775 465 861 540 posui
882 462 1008 538 quidem.

69 559 166 630 Quem
188 561 225 619 ad
245 563 367 621 modum
386 564 479 639 igitur,
495 563 637 622 scalarum
656 564 763 638 gradus
784 563 808 621 si
826 562 898 621 alios
916 560 1008 630 tollas,

69 657 141 716 alios
155 659 274 731 incidas,
289 679 349 719 non
364 662 459 720 nullos
476 661 552 720 male
570 661 722 720 haerentes
741 662 894 736 relinquas,
908 660 1008 717 ruinae

68 757 228 838 periculum
242 769 343 830 struas,
358 777 420 818 non
440 779 594 818 ascensum
613 778 705 836 pares,
723 761 764 818 sic
784 768 827 818 tot
846 759 928 817 malis
947 769 1009 815 tum

67 856 195 913 vinctum
224 867 285 915 tum
314 858 436 917 fractum
464 858 589 917 studium
619 859 762 917 scribendi
786 858 857 934 quid
886 857 1007 931 dignum

67 954 185 1012 auribus
206 965 254 1013 aut
275 957 425 1032 probabile
447 966 542 1033 potest
564 956 694 1015 adferre?
739 976 765 1029 4.
788 957 865 1015 Cum
882 973 950 1012 vero
971 954 1009 1012 ad

66 1053 158 1128 ipsius
180 1051 311 1112 Caesaris
336 1072 446 1113 nornen
471 1057 545 1127 veni,
565 1064 627 1114 toto
652 1074 773 1132 corpore
798 1066 1007 1124 contremesco,

67 1169 131 1209 non
144 1170 257 1227 poenae
272 1164 358 1223 metu,
375 1155 426 1213 sed
441 1155 514 1213 illius
528 1155 640 1213 iudicii:
656 1165 749 1213 totum
763 1156 841 1213 enim
853 1153 1008 1212 Caesarem

66 1267 131 1308 non
145 1251 220 1310 novi.
256 1251 353 1323 Quem
368 1263 452 1328 putas
467 1254 596 1312 animum
611 1273 683 1326 esse,
692 1255 742 1312 ubi
757 1271 856 1312 secum
869 1253 1008 1328 loquitur?

68 1348 139 1406 ‘hoc
159 1349 309 1424 probabit:
331 1350 388 1410 hoc
409 1354 529 1410 verbum
555 1353 741 1428 suspitiosum
765 1351 825 1410 est!
862 1350 968 1422 ‘Quid
984 1351 1008 1410 si

66 1447 127 1504 hoc
154 1450 253 1506 muto?
282 1460 311 1506 at
332 1467 441 1520 vereor,
463 1468 500 1508 ne
523 1452 607 1527 peius
633 1451 685 1510 sit!
723 1451 801 1526 ‘Age
825 1468 902 1521 vern,
921 1449 1008 1509 laudo

66 1545 210 1620 aliquem:
226 1566 296 1604 num
311 1549 450 1609 offendo?
465 1568 532 1608 cum
547 1569 635 1626 porro
649 1550 805 1620 offendam,
817 1549 895 1626 quid,
910 1551 934 1607 si
948 1567 1010 1607 non

65 1643 161 1700 volt?'
198 1645 324 1703 ‘Armati
342 1647 439 1705 stilum
461 1649 656 1725 persequitur:
677 1650 742 1707 victi
764 1657 792 1706 et
812 1648 944 1706 nondum
965 1667 1009 1705 re·

66 1741 158 1798 stituti
173 1743 241 1818 quid
255 1742 374 1803 sacieti'
409 1745 510 1822 Auges
524 1747 611 1804 etiam
626 1757 656 1804 tu
670 1746 741 1803 mihi
755 1747 897 1816 timorem,
912 1746 962 1821 qui
977 1745 1007 1801 in

67 1838 194 1898 Oratore
215 1851 265 1898 tuo
287 1859 372 1899 caves
393 1843 443 1900 tibi
464 1863 515 1920 per
536 1843 656 1902 Brutum
680 1854 709 1902 et
731 1843 769 1902 ad
791 1843 1008 1903 excusationem

66 1937 182 1994 socium
197 1940 327 2014 quaeris:
346 1941 396 1998 ubi
410 1941 466 2000 hoc
481 1944 613 2000 omnium
627 1952 767 2018 patronus
782 1943 857 2014 facit,
869 1943 939 2018 quid
953 1961 1009 2013 me,

65 2046 195 2094 veterem
211 2046 300 2109 tuum,
315 2057 393 2097 nunc
407 2041 539 2097 omniurn
554 2041 688 2099 clientem
703 2042 808 2100 sentire
823 2042 958 2117 oportet?
979 2040 1009 2095 in

65 2135 124 2191 hac
140 2134 224 2209 igitur
238 2135 380 2194 calumnia
394 2138 505 2196 timoris
519 2148 547 2196 et
562 2156 665 2196 caecae
677 2139 844 2214 suspitionis
854 2146 1008 2206 tormento

65 2250 137 2290 cum
151 2231 273 2307 plurima
287 2235 324 2292 ad
343 2235 428 2293 alieni
447 2254 548 2295 sensus
567 2237 771 2307 coniecturam,
786 2253 848 2293 non
867 2235 904 2293 ad
925 2253 1009 2292 suum

64 2329 207 2388 iudicium
229 2332 397 2404 scribantur,
418 2352 507 2410 quam
528 2333 640 2391 difficile
662 2335 699 2393 sit
720 2333 849 2405 evadere,
870 2334 893 2390 si
914 2333 1009 2390 minus

65 2437 205 2504 expertus
220 2447 259 2501 es,
275 2431 355 2506 quod
373 2441 401 2489 te
421 2432 459 2490 ad
477 2432 576 2489 omnia
595 2450 742 2490 summum
761 2441 847 2507 atque
867 2430 1009 2489 excellens

63 2526 219 2602 ingenium
244 2529 371 2600 armavit,
393 2547 448 2587 nos
473 2530 620 2588 sentimus,
664 2529 722 2588 Sed
746 2539 844 2587 tamen
869 2546 925 2604 ego
951 2527 1009 2585 filio

64 2626 208 2695 dixeram,
222 2625 326 2683 librum
340 2627 391 2685 tibi
405 2627 513 2703 legeret
528 2638 556 2685 et
570 2626 701 2697 auferret,
716 2637 765 2685 aut
783 2645 818 2685 ea
837 2625 1009 2684 condicione

63 2725 159 2794 daret,
174 2724 199 2782 si
216 2726 359 2801 reciperes
378 2735 406 2785 te
421 2735 623 2796 correcturum,
638 2725 695 2785 hoc
710 2734 761 2795 est,
777 2727 801 2784 si
814 2734 908 2782 totum
923 2724 1010 2780 aliurn

62 2823 187 2882 faceres.
233 2835 262 2895 5.
283 2823 329 2882 De
353 2825 482 2882 Asiatico
507 2825 614 2894 itinere,
630 2842 808 2900 quamquam
832 2840 946 2881 summa
971 2841 1010 2879 me

61 2919 225 2978 necessitas
244 2923 403 2997 premebat,
419 2932 449 2979 ut
469 2921 623 2997 imperasti,
637 2919 700 2979 seci.
744 2920 789 2979 Te
807 2938 860 2996 pro
878 2938 925 2978 me
941 2920 1011 2995 quid

60 3019 185 3076 horter?
205 3019 286 3077 vides
307 3030 421 3094 tempus
442 3020 564 3090 venisse,
584 3037 644 3094 quo
666 3036 786 3076 necesse
809 3019 844 3076 sit
864 3018 900 3076 de
925 3019 1010 3076 nobis

59 3117 209 3176 constitui
252 3116 332 3175 Nihil
352 3127 404 3188 est,
424 3119 464 3175 mi
486 3116 598 3188 Cicer0,
618 3116 698 3192 quod
722 3116 812 3174 filium
836 3135 935 3175 meum
960 3135 1009 3174 ex·

59 3224 201 3292 spectes:
224 3216 392 3275 adulescens
414 3226 472 3288 est;
496 3216 595 3273 omnia
614 3214 780 3290 excogitare
795 3214 840 3272 vel
857 3214 951 3273 studio
966 3214 1010 3272 vel

57 3323 162 3373 aetate
183 3314 228 3372 vel
247 3324 327 3372 metu
352 3331 412 3371 non
433 3322 537 3389 potest.
577 3312 689 3371 Totum
710 3313 861 3388 negotium
890 3323 920 3370 tu
948 3330 1010 3370 sus-

55 3415 161 3496 tineas
175 3423 290 3490 oportet
297 3431 306 3486 ς
328 3412 407 3470 inte
428 3410 498 3470 mihi
519 3411 616 3470 omnis
635 3429 702 3488 spes
722 3421 774 3470 est.
817 3411 866 3469 Tu
885 3429 939 3487 pro
961 3419 1010 3468 tua
