2432 3844
243 253 285 322 50
517 253 555 302 Μ.
582 253 703 302 ruanrr
724 253 911 302 oronnonrs
1088 239 1151 322 [rare
1164 251 1175 294 ι.

244 411 345 470 sinos
370 421 481 486 premet
506 412 609 471 eadem
634 412 758 483 fortuna,
783 411 854 488 quid
877 428 969 487 puero
995 411 1104 468 misero
1123 407 1175 464 fiet?

244 507 314 566 Non
335 527 412 586 queo
433 510 543 587 reliqua
564 511 810 570 scribere-tanta
830 510 872 568 vis
894 509 1078 568 lacrimarum
1099 517 1175 572 est-,

243 626 339 684 neque
354 621 382 669 te
405 612 434 671 in
456 611 583 670 eundem
604 609 704 668 fletum
726 609 879 668 adducam.
922 609 1054 668 Tantum
1077 607 1175 666 scribo:

243 706 268 764 si
296 720 380 768 erunt
408 712 438 768 in
466 709 562 768 officio
586 709 680 778 amici,
703 707 827 784 pecunia
855 725 915 765 non
941 707 1032 766 deerit
1043 727 1051 779 ;
1083 707 1107 764 si
1130 721 1176 761 non

243 815 334 877 erunt,
358 819 389 867 tu
417 808 529 867 efficere
553 817 602 865 tua
624 805 750 881 pecunia
772 824 834 864 non
859 805 977 882 poteris.
1021 806 1078 864 Per
1102 804 1175 862 fortu-

243 927 297 968 nas
313 909 434 968 miseras
448 916 572 977 nostrae,
587 905 660 976 vide,
675 924 713 962 ne
727 923 850 981 puerum
864 904 1008 979 perditum
1023 903 1176 979 perdamus.

242 1006 298 1065 Cui
313 1008 336 1066 si
351 1005 460 1081 aliquid
474 1005 534 1077 erit,
548 1022 586 1062 ne
607 1013 699 1080 egeat,
714 1002 854 1061 mediocri
871 1003 973 1061 virtute
995 1021 1073 1077 opus
1096 1011 1138 1059 est
1156 1011 1175 1055 et

242 1105 383 1164 mediocri
404 1104 529 1173 fortuna,
544 1111 576 1159 ut
596 1111 691 1160 cetera
712 1108 914 1176 consequatur.
959 1101 986 1157 6.
1016 1100 1076 1158 Fac
1098 1099 1177 1156 valeas

243 1214 272 1262 et
286 1203 324 1261 ad
338 1221 385 1260 me
400 1200 564 1260 tabellarios
585 1200 691 1270 mittas
706 1208 737 1256 ut
761 1199 859 1269 sciam,
875 1198 945 1274 quid
966 1209 1070 1274 agatur
1091 1209 1119 1256 et
1138 1213 1176 1252 vos

243 1301 315 1376 quid
337 1301 437 1375 agatis.
488 1297 561 1355 Mihi
590 1297 711 1354 omnino
737 1296 795 1354 iam
817 1296 911 1353 brevis
933 1296 1113 1372 exspectatio
1136 1305 1175 1351 est.

242 1397 385 1457 Tulliolae
407 1406 435 1455 et
457 1395 592 1456 Ciceroni
614 1393 736 1454 salutem
758 1395 812 1453 dic.
854 1393 964 1452 Valete.
1006 1394 1045 1452 D.
1061 1414 1089 1454 a.
1104 1395 1128 1452 d.
1145 1411 1174 1448 n.

242 1495 280 1554 K.
296 1495 436 1555 Decemb.
478 1492 660 1570 Dyrrhachii.

283 1607 309 1668 7.
337 1592 548 1668 Dyrrhachium
569 1591 643 1663 veni,
658 1589 740 1666 quod
760 1599 788 1647 et
809 1590 899 1650 libera
921 1590 1019 1649 civitas
1042 1601 1086 1649 est
1107 1590 1172 1648 etin

241 1712 289 1752 me
304 1693 434 1752 officiosa
454 1702 484 1750 et
503 1691 636 1767 proxima
650 1689 769 1760 Italiae;
793 1687 845 1746 sed
866 1690 890 1746 si
912 1689 1042 1748 offendet
1064 1686 1171 1748 melori

242 1792 402 1863 celebritas,
419 1789 474 1849 alio
489 1807 537 1847 me
551 1786 710 1858 conferam,
726 1786 763 1844 ad
776 1797 806 1845 te
820 1788 954 1848 scribam

464 1975 508 2029 19.
549 1967 607 2027 AD
628 1967 821 2027 ATTICUM
843 1967 897 2027 ΙΙΙ.
924 1987 970 2043 23.

243 2079 307 2141 Scri.
323 2080 512 2138 Dunnnncun
532 2095 629 2135 annun
646 2076 808 2135 Kannnnas
827 2073 1166 2148 necromancia.

562 2205 664 2247 CICERO
684 2203 790 2245 ATTICO
811 2203 872 2243 SAL.

283 2316 308 2355 1.
334 2296 371 2354 A.
386 2297 413 2354 d.
429 2316 455 2354 v.
471 2294 537 2352 Kal.
558 2293 714 2352 Decembr.
734 2301 791 2364 tres
817 2291 953 2367 epistolas
975 2310 992 2349 a
1016 2301 1045 2349 te
1070 2289 1168 2366 accepi:

239 2413 328 2453 unam
347 2396 445 2453 datam
464 2412 489 2452 a.
505 2392 533 2451 d.
550 2411 609 2450 vm.
625 2391 691 2448 Kal.
707 2390 898 2459 Novembres
919 2390 950 2447 in
972 2407 1029 2465 qua
1051 2408 1097 2448 me
1117 2390 1168 2446 hor·

238 2493 315 2563 taris,
330 2502 361 2549 ut
375 2492 442 2550 forti
456 2493 554 2550 animo
567 2507 701 2548 mensem
715 2488 882 2546 Ianuarium
897 2498 1072 2563 exspectem·
1083 2504 1168 2564 eaque,

240 2607 314 2664 quae
343 2588 381 2647 ad
409 2607 493 2664 spem
520 2596 604 2664 putas
633 2587 784 2662 pertinere,
814 2586 850 2644 de
879 2586 994 2644 Lentuli
1021 2586 1121 2657 studio,
1142 2584 1168 2642 de

240 2686 349 2744 Metelli
364 2686 519 2756 voluntate,
534 2686 570 2744 de
585 2694 646 2742 tota
659 2682 792 2758 Pompeii
809 2684 928 2754 ratione,
943 2685 1105 2758 perscribis.
1143 2683 1169 2740 ln

240 2783 327 2842 altera
352 2783 473 2858 epistola
501 2791 614 2859 praeter
642 2780 882 2839 consuetudinem
910 2791 990 2840 tuam
1019 2782 1094 2841 diem
1121 2799 1169 2839 non
1197 2809 1198 2864 3

240 2881 386 2952 adscribis,
402 2881 454 2939 sed
469 2882 537 2940 satis
558 2879 705 2956 significas
724 2889 857 2954 tempus;
878 2880 943 2956 lege
963 2880 1040 2938 enim
1060 2881 1096 2938 ab
1113 2891 1169 2939 octo
1197 2869 1198 2886 .

238 2979 359 3040 tribunis
374 2978 411 3054 pl.
425 2979 608 3054 promulgata
628 2977 727 3036 scribis
747 2986 775 3034 te
796 2995 845 3035 eas
865 2976 972 3036 litteras
994 2996 1030 3035 eo
1051 2979 1113 3053 ipso
1133 2977 1169 3034 die

239 3075 362 3147 dedisse,
383 3075 412 3133 id
433 3085 476 3133 est
497 3075 716 3134 a.d.1111.Kal.
738 3073 932 3145 Novembres,
952 3086 988 3147 et,
1008 3076 1077 3152 quid
1097 3087 1168 3151 putes

238 3173 367 3232 utilitatis
384 3191 449 3233 eam
464 3173 727 3251 promulgationem
741 3173 879 3243 attulisse,
896 3174 1014 3232 scribis:
1036 3174 1065 3230 in
1079 3192 1134 3249 quo
1151 3173 1168 3230 si
1197 3209 1198 3228 t

238 3272 297 3330 iam
311 3270 383 3330 haec
397 3280 496 3330 nostra
513 3271 589 3330 salus
609 3289 676 3331 cum
695 3271 750 3330 hac
769 3271 833 3346 lege
853 3271 1006 3346 desperata
1025 3272 1083 3342 en't,
1095 3273 1167 3331 velim
1197 3273 1198 3320 l

239 3386 293 3447 pro
316 3377 366 3426 tuo
389 3369 420 3428 in
443 3388 490 3428 me
515 3387 614 3428 amore
639 3369 714 3428 hanc
740 3371 856 3428 inanem
881 3388 978 3428 meam
1006 3369 1167 3445 diligentiam

238 3465 430 3527 miserabilem
451 3468 547 3543 potius
569 3485 657 3544 quam
678 3468 806 3545 ineptam
828 3477 921 3547 puteS,
944 3468 988 3526 sin
1010 3479 1054 3527 est
1073 3469 1167 3548 aliquid
1197 3469 1198 3514 l
