2432 3844
51 193 181 277 sp.17.]
254 209 368 261 sarar.
390 210 440 258 An
460 189 682 261 ranimirus
703 214 778 265 m.
802 219 831 267 a.
969 221 1010 286 47

53 374 140 424 certe
155 368 198 427 ad
213 370 331 430 exitium
348 372 585 448 praecipitantem
605 372 779 442 retinuisses‚
795 373 866 432 istos
887 374 1009 448 labores,

52 480 136 537 quos
151 469 281 527 nuncin
295 469 451 546 naufragiis
464 471 572 530 nostris
587 471 718 548 suscipis,
729 489 790 529 non
805 473 942 530 subisses.
982 479 1008 531 8.

55 559 132 630 Qua
144 583 179 622 re
194 566 241 625 fac
255 577 286 624 ut
307 569 406 628 omnia
426 569 464 626 ad
483 588 531 627 me
552 580 704 645 perspecta
726 578 754 626 et
775 569 924 644 explorata
944 590 1010 646 per-

55 661 184 735 scribas,
200 683 316 741 meque‚
330 676 362 725 ut
377 667 458 740 sacis,
472 669 541 726 velis
563 687 626 726 esse
648 667 781 744 aliquem,
796 668 944 743 quoniam,
959 671 1009 745 qui

55 757 102 815 fui
123 771 153 819 et
179 764 230 839 qui
255 783 320 822 esse
343 767 433 841 potui,
458 767 516 825 iam
538 785 602 825 esse
623 783 684 825 non
705 784 835 842 possum,
856 776 885 824 et
908 776 940 824 ut
963 766 1008 825 his

54 856 161 918 litteris
176 879 240 919 non
254 871 292 934 te,
308 865 360 922 sed
372 883 420 923 me
434 865 530 941 ipsum
544 884 561 924 a
574 884 622 924 me
641 883 705 924 esse
725 874 893 924 accusatum
913 875 1006 940 putes.

57 955 90 1014 Si
105 959 158 1033 qui
175 971 268 1032 erunt,
284 963 389 1038 quibus
402 974 486 1040 putes
507 982 582 1040 opus
603 981 668 1023 esse
686 979 755 1021 mco
768 962 886 1020 nomine
900 961 1007 1020 litteras

57 1055 130 1210 (Slari,
146 1061 237 1118 velim
251 1063 418 1122 conscribas
439 1082 580 1140 curesque
598 1062 718 1121 dandas.
759 1060 836 1120 Data
854 1081 923 1121 xmn
938 1061 1005 1120 Kal.

79 1167 139 1232 ept.

251 1297 297 1351 17.
339 1294 396 1352 AD
416 1293 668 1353 FAMILIARES
690 1293 773 1351 XIV.
798 1313 822 1351 2.

109 1397 180 1456 Sca.
204 1399 446 1461 Tirsssanomcaa
467 1421 524 1460 An.
545 1419 586 1460 m.
601 1399 678 1460 Nou.
701 1399 772 1462 Ocr.
789 1418 871 1459 nuc.
889 1402 957 1474 696.

60 1521 190 1564 ruimus
210 1523 232 1564 s.
248 1526 275 1565 n.
292 1525 456 1566 rummare
476 1527 514 1567 nr
535 1526 702 1567 animosas
722 1525 761 1565 nr
781 1525 914 1566 crcaaoui
935 1525 1004 1566 suis.

104 1639 129 1677 r.
152 1620 235 1680 Nou
256 1633 357 1697 putare
377 1641 424 1682 me
444 1624 482 1682 ad
501 1640 679 1700 quemquam
699 1622 846 1698 longiores
867 1622 1004 1698 epistolas

61 1719 197 1790 scribere,
208 1720 264 1778 nisi
279 1721 303 1778 si
317 1721 381 1796 quis
396 1722 434 1780 ad
448 1741 495 1780 me
509 1722 592 1798 plura
606 1720 727 1796 scripsit,
739 1721 785 1779 cui
799 1728 871 1795 puto
885 1721 1003 1779 rescribi

61 1827 198 1890 oportere
205 1837 214 1887 ;
238 1837 294 1877 nec
315 1820 392 1877 enim
413 1820 509 1878 habeo
523 1820 602 1896 quod
623 1819 755 1888 scribam,
776 1835 832 1876 nec
852 1816 909 1876 hoc
930 1827 1003 1876 tem-

61 1931 134 1988 pore
149 1916 306 1992 quicquam
321 1918 461 1977 difficilius
475 1917 559 1979 facio.
590 1919 638 1976 Ad
652 1926 680 1975 te
694 1935 763 1974 vero
778 1925 806 1974 et
822 1916 860 1974 ad
872 1926 1003 1975 nostram

64 2011 221 2072 Tulliolam
233 2031 297 2073 non
317 2034 394 2092 queo
415 2018 477 2074 sine
498 2016 628 2092 plurimis
642 2015 766 2074 lacrimis
786 2013 927 2084 scribere;
950 2030 1002 2071 vos

63 2111 142 2168 enim
156 2112 240 2170 video
254 2131 318 2172 esse
333 2115 514 2187 miserrimas,
529 2133 601 2191 quas
620 2131 677 2188 ego
691 2113 872 2170 beatissimas
887 2128 1002 2185 semper

64 2227 128 2268 esse
155 2212 232 2269 volui
259 2213 346 2288 idque
374 2223 518 2289 praestare
549 2214 644 2284 debui,
673 2221 709 2284 et,
738 2210 794 2269 nisi
821 2219 881 2266 tam
908 2210 1001 2267 timidi

65 2310 225 2381 fuissemus,
252 2311 466 2385 praestitissem.
520 2331 547 2370 a.
569 2310 708 2369 Pisonem
734 2317 866 2366 nostrum
897 2307 1000 2365 merito

66 2409 127 2466 eius
142 2425 204 2466 amo
217 2409 391 2483 plurimum:
412 2429 488 2480 eum,
503 2419 534 2467 ut
548 2409 638 2484 potui,
649 2426 700 2483 per
714 2407 821 2464 litteras
835 2405 1001 2464 cohortatus

68 2524 132 2564 sum
145 2506 304 2581 gratiasque
319 2508 373 2583 egi,
388 2517 420 2565 ut
434 2508 528 2566 debui.
571 2508 607 2565 In
620 2505 703 2564 novis
720 2503 842 2562 tribunis
863 2503 901 2580 pl.
916 2503 999 2561 intel-

68 2602 133 2677 lego
147 2620 225 2677 spem
238 2612 267 2661 te
280 2602 404 2662 habere:
426 2604 457 2662 id
471 2606 523 2663 erit
543 2605 667 2675 firmum,
682 2605 706 2662 si
721 2602 853 2678 Pompeii
867 2602 999 2660 voluntas

70 2701 128 2772 e'rit,
148 2699 194 2758 sed
218 2699 357 2760 Crassum
381 2711 481 2761 tamen
505 2712 613 2761 metuo.
654 2703 682 2760 A
707 2711 734 2760 te
759 2701 877 2776 quidem
900 2701 999 2757 omnia

70 2799 129 2856 fieri
153 2799 304 2858 fortissime
331 2811 359 2859 et
387 2801 583 2861 amantissime
610 2801 704 2874 video,
733 2820 787 2859 nec
820 2801 917 2872 miror,
946 2801 999 2858 sed

72 2915 179 2956 maereo
202 2916 301 2957 casum
326 2899 387 2958 eius
411 2899 500 2970 modi,
522 2909 553 2958 ut
573 2900 659 2957 tantis
684 2898 740 2958 tuis
766 2899 888 2957 miseriis
916 2916 999 2986 meae

74 2996 192 3054 miseriae
219 2997 421 3056 subleventru:
450 3015 520 3055 nam
548 2997 587 3056 ad
609 3016 657 3056 me
686 2996 716 3055 P.
739 2997 879 3068 Valerius,
908 2995 997 3057 homo

76 3093 214 3166 officiosus
235 3096 354 3171 scripsit,
374 3096 405 3154 id
425 3097 505 3172 quod
526 3114 582 3172 ego
603 3097 732 3154 maximo
748 3113 815 3154 cum
837 3095 907 3153 fletu
930 3095 998 3172 legi,

77 3193 205 3269 quemad
227 3194 349 3252 modum
371 3194 509 3253 aVestae
534 3195 572 3253 ad
596 3195 724 3253 tabulam
742 3194 888 3253 Valeriam
911 3196 999 3254 ducta

78 3309 154 3350 esses.
190 3291 275 3364 Hem,
298 3309 364 3350 mea
384 3292 441 3364 lux,
462 3311 562 3352 meum
590 3291 772 3364 desiderium,
794 3293 870 3351 unde
896 3310 999 3351 omnes

78 3407 154 3466 opem
182 3400 276 3467 petere
311 3391 460 3468 solebant!
502 3401 530 3454 te
564 3410 651 3464 nunc,
680 3409 746 3448 mea
774 3390 922 3462 Terentia,
959 3391 999 3448 sic
