2436 3836
15 213 73 274 Ep.
95 223 161 273 141,
175 191 245 281 142.]
270 198 445 256 21⁰1st
458 205 682 255 FAMILIARES
696 207 728 258 X.
747 212 795 279 13.
928 207 986 277 271

15 363 146 438 Itaque
163 359 308 419 continuis
322 359 471 418 itineribus
485 359 523 418 ad
536 358 644 417 Fomm
655 359 783 419 Voconii
796 361 862 418 veni
877 369 905 418 et
918 361 991 423 ultra

17 469 136 519 castra
159 460 199 518 ad
212 458 321 517 flumen
335 458 515 534 Argenteum
536 466 638 516 contra
651 458 835 516 Antonianos
851 457 914 517 feci.
958 461 990 518 P.

18 557 201 615 Ventidius
216 574 283 615 suas
297 557 429 632 legiones
443 566 500 615 tres
515 556 665 614 coniunxit
679 573 746 614 cum
764 573 799 613 eo
814 565 843 614 et
856 556 929 615 ultra
943 577 992 618 me

22 665 137 715 castra
152 655 251 731 posuit
259 674 267 726 ;
289 654 414 713 habebat
428 665 513 713 antea
526 653 672 731 legionem
686 655 818 731 quintam
837 663 865 713 et
879 672 915 712 ex
928 657 992 715 reli-

25 755 107 830 quis
133 753 300 828 legionibus
324 771 462 829 magnam
484 752 705 823 multitudinem,
729 752 781 810 sed
805 752 991 814 inermomm.

27 853 218 929 Equitatum
232 851 319 911 habe't
333 870 491 928 magnum:
513 870 583 910 nam
597 852 693 910 omnis
707 869 743 910 ex
753 851 866 928 proelio
881 851 994 928 integ'er
1048 859 1051 862 '

29 950 188 1021 discessit,
203 949 244 1007 ita
257 959 289 1008 ut
308 949 365 1008 sint
384 952 507 1026 amplius
527 951 657 1026 equitum
676 949 754 1008 milia
768 951 903 1027 quinque.
944 951 994 1010 Ad

31 1067 91 1110 me
115 1047 282 1124 complures
303 1047 407 1107 milites
427 1057 456 1106 et
475 1049 586 1124 equites
607 1049 644 1106 ab
666 1065 702 1106 eo
723 1050 895 1107 transierunt
915 1058 942 1106 et
963 1049 993 1107 in

34 1147 109 1207 dies
124 1145 257 1223 singulos
272 1147 333 1204 eius
347 1130 450 1222 copiae
464 1149 649 1219 minuuntur;
671 1145 785 1205 Silanus
800 1156 829 1205 et
840 1145 941 1206 Culleo
956 1148 993 1206 ab

36 1265 81 1305 eo
97 1244 303 1304 discessemnt.
347 1265 373 1302 2.
395 1243 460 1303 Nos
479 1245 532 1303 etsi
546 1245 670 1320 graviter
688 1247 725 1302 ab
740 1246 774 1303 iis
786 1245 856 1303 laesi
870 1263 993 1316 eramus,

38 1341 130 1420 quod
159 1351 261 1401 contra
288 1353 418 1403 nostram
440 1343 618 1402 voluntatem
646 1343 684 1401 ad
707 1341 870 1402 Antonium
894 1343 993 1415 ierant,

38 1455 148 1501 tamen
170 1452 285 1500 nostrae
299 1441 485 1501 humanitatis
506 1453 535 1501 et
547 1441 769 1502 necessitudinis
785 1460 874 1500 causa
892 1459 995 1500 eorum

41 1539 149 1600 salutis
170 1540 314 1598 rationem
327 1540 500 1614 habuimus;
522 1558 577 1599 nec
591 1550 689 1600 tamen
710 1559 812 1600 eorum
832 1557 921 1617 opera
939 1541 995 1600 uti-

42 1657 115 1696 mur
130 1657 225 1715 neque
239 1639 268 1696 in
282 1641 382 1698 castris
396 1641 538 1699 habemus
552 1658 647 1715 neque
661 1640 710 1697 ulli
724 1640 842 1714 negotio
856 1638 995 1715 praefeci-

44 1754 125 1794 mus
168 1736 259 1808 Quod
280 1737 318 1794 ad
338 1737 445 1796 bellum
466 1736 522 1796 hoc
543 1738 650 1810 attinet,
669 1755 724 1795 nec
746 1737 857 1795 senatui
877 1755 933 1796 nec
954 1739 995 1796 rei

47 1834 184 1910 publicae
212 1835 365 1895 deerimus.
408 1835 492 1907 Quae
520 1845 623 1912 postea
650 1836 804 1911 egerimus,
833 1835 938 1894 faciam
966 1845 995 1894 te

48 1933 212 1994 certiorem.

244 2093 310 2148 142.
352 2088 410 2148 AD
430 2089 683 2149 FAMILIARES
705 2091 748 2150 X.¹
768 2109 814 2166 13.

221 2203 286 2264 Scn.
309 2204 417 2264 Rounn
438 2205 636 2290 unusn'Mmo
657 2225 740 2266 nuc.
763 2220 829 2281 711.

410 2331 512 2372 c1crrno
533 2331 652 2371 eunuco.

101 2443 125 2482 1.
146 2423 194 2483 Ur
214 2424 340 2500 primum
364 2435 493 2502 potestas
516 2427 583 2486 data
607 2437 651 2485 est
675 2426 825 2502 augendae
850 2425 996 2503 dignitatis

56 2536 132 2593 tuae,
146 2522 214 2580 nihil
227 2524 404 2598 praetermisi
421 2526 451 2582 in
470 2534 498 2583 te
519 2525 661 2596 ornando,
676 2524 757 2600 quod
771 2524 899 2601 positum
920 2534 996 2583 esset

59 2623 156 2682 autin
177 2622 305 2697 praemio
330 2622 439 2682 virtutis
461 2632 510 2680 aut
535 2623 564 2680 in
585 2622 697 2682 honore
718 2624 886 2681 verbomm:
909 2623 940 2681 id
960 2642 997 2682 ex

59 2723 124 2798 ipso
147 2729 262 2778 senatus
287 2720 420 2778 consulto
442 2721 552 2796 poteris
574 2737 770 2796 cognoscere3
791 2720 831 2777 ita
854 2722 932 2777 enim
954 2731 998 2780 est

60 2817 254 2894 perscriptum,
270 2827 301 2876 ut
315 2836 333 2876 a
347 2836 395 2876 me
410 2819 447 2876 de
466 2819 571 2894 scripto
586 2819 663 2877 dicta
682 2818 824 2877 sententia
842 2827 894 2890 est,
909 2838 997 2896 quam

65 2925 173 2975 senatus
194 2915 330 2991 frequens
359 2925 474 2975 secutus
502 2925 546 2974 est
571 2932 687 2974 summo
712 2916 807 2975 studio
831 2934 997 2994 magnoque

66 3031 210 3073 consensu.
254 3033 280 3072 2.
302 3013 369 3090 Ego
386 3031 564 3090 quamquam
585 3033 622 3071 ex
641 3015 697 3072 tuis
714 3014 822 3085 litteris,
837 3032 910 3090 quas
928 3014 998 3072 mihi

66 3112 168 3183 misisti,
182 3130 385 3188 perspexeram
399 3121 427 3170 te
448 3112 546 3188 magis'
555 3112 661 3171 iudicio
681 3113 828 3171 bonorum
845 3132 933 3190 quam
953 3115 998 3171 in·

67 3211 187 3286 signibus
213 3211 323 3286 gloriae
351 3210 495 3281 delectari,
521 3219 618 3268 tamen
646 3211 890 3271 considerandum
914 3211 998 3269 nobis

69 3309 225 3380 existimavi,
240 3311 352 3368 etiamsi
373 3320 404 3368 tu
425 3309 497 3367 nihil
511 3310 681 3385 postulares,
696 3321 836 3386 quantum
856 3311 908 3369 tibi
928 3328 946 3368 a
966 3327 997 3367 re

70 3408 174 3484 publica
195 3407 354 3468 deberetur.
396 3407 444 3466 Tu
469 3419 606 3468 contexes
630 3419 760 3469 extrema
787 3407 995 3492 cumprimis:
