2432 3844
215 267 255 316 aa
492 267 531 316 Μ.
556 265 675 315 ruram
695 234 883 316 crcanoms
937 333 942 344 ἱ
1029 249 1122 335 ’[Ρω
1138 264 1158 310 1.

458 445 485 500 9.
526 442 583 501 ΑΙ)
603 439 799 501 ATTICUM
820 441 860 501 11.
886 461 908 500 1.

378 555 442 617 Scit.
465 557 574 618 Rounrr
594 575 687 616 nausa
709 557 793 616 luuro
814 576 897 616 auc.
920 558 988 631 694.

532 675 634 717 emano
655 674 760 716 aarrco
781 674 841 714 saa.

260 780 283 820 1.
305 760 383 820 Kna.
412 761 502 822 Iuniis
525 763 603 822 eunti
627 764 697 820 mihi
720 763 841 822 Antium
863 771 891 820 et
915 759 1091 837 gladiatores
1114 755 1157 814 M.

215 857 325 919 Metelli
338 861 444 936 cupide
458 859 609 936 reliquenti
623 861 702 918 venit
715 861 833 918 obviam
847 868 913 918 tuus
928 876 1018 934 puer:
1047 859 1073 916 is
1087 853 1159 913 mihi

214 946 323 1018 litteras'
346 961 397 1017 abs
417 968 493 1017 teet
512 959 754 1018 commentarium
777 959 944 1017 consulatus
968 956 1026 1014 mei
1045 955 1159 1014 Graece

215 1056 354 1134 scripturn
368 1056 509 1129 reddidit;
532 1057 563 1114 in
577 1074 636 1133 quo
651 1056 772 1115 laetatus
794 1073 858 1116 sum
872 1075 913 1113 me
927 1054 1077 1129 aliquanto
1093 1060 1159 1110 ante

215 1155 252 1212 de
266 1155 359 1213 isdem
372 1156 458 1213 rebus
473 1154 585 1214 Graece
603 1155 672 1214 item
694 1155 833 1230 scriptum
852 1154 957 1212 librum
972 1151 1005 1212 L.
1021 1151 1159 1210 Cossinio

215 1251 253 1309 ad
265 1261 294 1309 te
308 1252 514 1328 perferundum
529 1252 662 1311 dedisse:
683 1271 761 1323 nam,
777 1253 801 1310 si
816 1270 872 1328 ego
886 1260 968 1310 tuum
990 1259 1057 1308 ante
1071 1249 1159 1324 legis-

215 1366 286 1419 sem,
309 1348 433 1408 luratum
455 1369 503 1409 me
527 1352 579 1409 abs
601 1360 629 1410 te
651 1369 714 1410 esse
735 1351 853 1408 diceres.
896 1348 1086 1424 Quamquam
1111 1356 1159 1405 tua

214 1445 360 1523 illa—legi
379 1448 457 1506 enim
477 1447 786 1508 libenter-horridula
807 1447 878 1505 mihi
902 1458 988 1523 atque
1007 1447 1159 1521 incompta

215 1544 276 1602 visa
296 1554 371 1618 sunt,
387 1546 439 1606 sed
459 1555 559 1604 tamen
579 1555 661 1604 erant
681 1555 784 1604 ornata
803 1545 860 1604 hoc
880 1547 954 1622 ipso,
970 1544 1050 1622 quod
1071 1562 1157 1602 orna·

215 1653 314 1703 menta
334 1644 530 1721 neglexerant,
544 1654 581 1717 et,
595 1655 627 1704 ut
646 1646 786 1718 mulieres,
801 1645 868 1704 ideo
890 1647 965 1704 bene
988 1643 1075 1715 olere,
1092 1642 1158 1720 quia

216 1741 287 1798 nihil
320 1743 447 1815 olebant,
480 1743 657 1802 videbantur.
713 1743 799 1802 Meus
833 1752 930 1802 autem
964 1743 1035 1800 liber
1063 1751 1157 1800 totum

217 1838 338 1898 Isocrati
366 1841 576 1918 myrothecium
603 1850 689 1918 atque
724 1861 827 1909 omnes
860 1843 922 1901 eius
950 1841 1157 1917 discipulorum

220 1938 331 1998 arculas
346 1957 380 1999 ac
393 1957 455 1997 non
470 1938 539 1998 nihil
554 1939 640 1997 etiam
654 1938 819 1999 Aristotelia
835 1941 984 2018 pigmenta
997 1957 1158 2014 consump-

216 2037 269 2109 sit;
300 2056 388 2114 quem
409 2047 441 2096 tu
462 2036 616 2114 Corcyrae,
638 2047 670 2096 ut
691 2038 762 2097 mihi
787 2039 849 2096 aliis
871 2039 970 2096 litteris
999 2037 1155 2114 significas
1187 2057 1190 2069 ·

216 2135 336 2195 strictim
364 2135 490 2212 attigisti,
522 2144 589 2211 post
624 2145 729 2207 autern,
760 2145 791 2194 ut
820 2137 949 2208 arbitror,
973 2154 990 2194 a
1020 2133 1156 2194 Cossinio

216 2235 353 2312 accepisti
363 2255 372 2308 ;
398 2253 486 2311 quem
505 2235 555 2294 tibi
576 2253 632 2311 ego
650 2253 712 2294 non
732 2252 828 2294 essem
849 2254 936 2294 ausus
960 2235 1079 2305 mittere,
1101 2234 1157 2294 nisi

215 2353 283 2393 eum
302 2335 378 2394 lente
398 2353 432 2394 ac
451 2333 598 2393 fastidiose
617 2334 825 2410 probavissem.
870 2354 895 2394 a.
918 2334 1105 2410 Quamquam
1118 2333 1158 2392 ad

216 2452 264 2490 me
293 2435 406 2511 scripsit
432 2436 491 2492 iam
518 2432 627 2491 Rhodo
649 2431 825 2491 Posidonius
853 2450 893 2503 se,
921 2442 1053 2490 nostrum
1087 2432 1158 2490 illud

215 2534 348 2602 ὑπόμνημα
368 2550 430 2588 cum
451 2529 567 2606 legeret,
581 2530 662 2606 quod
686 2548 743 2606 ego
768 2530 806 2588 ad
828 2549 905 2602 eum,
921 2540 953 2588 ut
971 2530 1097 2588 ornatius
1118 2530 1157 2589 de

215 2628 309 2685 isdem
323 2629 409 2686 rebus
424 2628 567 2700 scriberet,
582 2628 725 2698 miseram,
741 2645 802 2686 non
816 2629 906 2686 modo
925 2646 987 2687 non
1001 2627 1158 2686 excitatum

217 2743 281 2784 esse
295 2725 333 2784 ad
350 2725 542 2797 scribendum,
558 2725 611 2784 sed
631 2725 718 2783 etiam
739 2724 824 2801 plane
845 2725 1034 2802 perterritum.
1075 2723 1158 2798 Quid

217 2825 353 2900 quaeris?
381 2825 549 2882 conturbavi
571 2822 716 2882 Graecam
737 2823 902 2882 nationem:
931 2824 978 2894 ita,
999 2824 1083 2900 volgo
1105 2827 1159 2900 qui

217 2921 363 2980 instabant
376 2929 408 2979 ut
422 2920 521 2979 darem
536 2921 590 2979 sibi
604 2921 684 2997 quod
705 2931 850 2993 ornarent,
864 2922 923 2980 iam
937 2921 1071 2979 exhibere
1083 2921 1158 2982 mihi

217 3019 380 3079 molestiam
394 3019 569 3079 destiterunt.
612 3018 669 3089 Tu,
685 3019 709 3078 si
724 3019 775 3077 tibi
789 3019 928 3095 placuerit
948 3019 1027 3090 liber,
1043 3021 1158 3080 curabis

179 3156 181 3160 -
217 3127 249 3176 ut
262 3127 292 3176 et
305 3117 426 3176 Athenis
447 3118 483 3176 sit
502 3127 530 3176 et
550 3119 581 3175 in
602 3119 703 3177 ceteris
721 3118 837 3194 oppidis
857 3117 999 3176 Graeciae
1009 3136 1018 3189 3
1047 3116 1159 3179 videtur

218 3217 296 3275 enim
317 3234 404 3294 posse
425 3216 533 3294 aliquid
550 3217 654 3277 nostris
673 3217 758 3275 rebus
774 3217 846 3274 lucis
868 3215 989 3274 adferre.
1033 3233 1059 3289 3.
1080 3212 1158 3275 Ora-

217 3315 359 3374 tiunculas
379 3326 475 3375 autem
489 3324 518 3374 et
531 3333 603 3391 quas
617 3315 747 3391 postulas
768 3323 796 3372 et
810 3315 907 3390 plures
927 3315 1015 3396 etiarn
1035 3313 1157 3391 mittam,

218 3414 357 3490 quoniam
372 3413 489 3492 quidem
503 3431 545 3484 ea,
556 3429 631 3487 quae
642 3429 697 3470 nos
711 3411 862 3469 scribimus
877 3410 1158 3476 adulescentulorum

219 3513 319 3574 studiis
336 3513 460 3585 excitati,
474 3521 502 3571 te
521 3511 609 3570 etiarn
627 3510 780 3570 delectant.
820 3510 886 3572 Fuit
903 3511 981 3570 enim
994 3509 1063 3569 mihi
1076 3526 1158 3574 com·
