2452 3842
18 233 71 293 up.
95 214 165 303 nn]
228 231 342 282 nrrsr,
365 232 415 280 an
436 232 660 282 ranturnnns
682 235 731 284 arr.
756 241 785 305 3.
916 231 977 304 237

227 458 292 516 116.
334 457 391 516 An
413 457 666 518 nnnnrnnnus
688 459 742 517 xr.
766 477 792 532 3.

238 573 304 632 Scn.
317 593 393 632 anm.
409 574 486 634 Non.
502 574 589 632 Snxr.
605 593 688 634 nuc.
705 587 774 647 710.

174 697 286 739 arturus
307 698 345 738 ur
366 700 476 741 cassius
496 701 540 740 ra.
555 701 577 740 s.
592 701 621 740 n.
636 700 764 740 anrorno
785 699 843 740 cos.

73 811 103 850 1.
126 792 154 851 S.
169 813 195 852 v.
211 813 237 853 n.
279 795 403 855 Litteras
417 807 481 855 tuas
501 796 624 872 legimus
645 795 803 854 simillimas
823 795 909 853 edicti
930 795 979 866 tui,

21 891 266 964 contumeliosas,
285 893 431 965 minaces,
443 895 563 953 minime
586 894 691 970 dignas
711 912 785 969 quae
807 912 824 951 a
845 903 872 952 te
895 892 981 951 nobis

21 991 221 1049 mitterentur.
266 990 340 1061 Nos
369 993 490 1064 Antoni,
515 1002 543 1051 te
571 992 648 1050 nulla
673 991 850 1051 lacessiimus
879 992 982 1050 iniuria

21 1107 130 1164 neque
149 1089 318 1147 miraturum
337 1090 521 1162 credidimus,
537 1092 561 1148 si
580 1100 727 1167 praetores
747 1099 776 1148 et
793 1108 827 1147 ea
841 1090 981 1165 dignitate

22 1187 169 1246 homines
183 1187 290 1264 aliquid
304 1189 401 1247 edicto
416 1189 645 1263 postulassemus
660 1207 677 1246 a
696 1189 834 1246 consule:
856 1187 936 1264 quod
958 1190 981 1247 si
1068 1205 1071 1218 ·

22 1286 192 1360 indignaris
212 1305 299 1345 ausos
319 1305 383 1346 esse
403 1288 433 1346 id
454 1287 559 1359 facere,
574 1288 705 1347 concede
726 1289 811 1346 nobis
832 1297 863 1345 ut
884 1287 982 1347 dolea-

23 1403 99 1442 mus
122 1402 158 1442 ne
179 1385 235 1443 hoc
257 1384 376 1459 quidem
397 1387 450 1444 abs
472 1395 499 1444 te
521 1387 613 1444 Bruto
635 1395 663 1446 et
685 1384 788 1445 Cassio
815 1387 907 1445 tribui.
956 1407 981 1446 a.

24 1483 114 1541 Nam
136 1482 172 1541 de
193 1483 345 1542 dilectibus
365 1484 471 1544 habitis
492 1494 522 1543 et
542 1486 674 1562 pecuniis
696 1486 852 1561 imperatis
875 1488 982 1544 exerci-

24 1580 111 1637 tibus
126 1579 282 1638 sollicitatis
296 1589 326 1637 et
339 1581 447 1638 nuntiis
462 1590 541 1638 trans
556 1599 635 1640 mare
650 1582 746 1640 missis
761 1583 840 1658 quod
855 1591 883 1640 te
895 1601 982 1658 ques-

24 1688 96 1736 tum
114 1695 178 1736 esse
193 1696 292 1753 negas,
306 1696 361 1736 nos
376 1679 495 1754 quidem
515 1679 566 1737 tibi
585 1679 731 1737 credimus
750 1681 863 1755 optimo
882 1682 981 1740 animo

26 1788 57 1834 te
74 1776 188 1846 secisse,
205 1777 255 1835 sed
270 1785 369 1835 tamen
384 1795 479 1853 neque
500 1777 687 1852 agnoscimus
702 1777 859 1852 quicquam
879 1796 981 1836 eorum

27 1885 59 1934 et
75 1886 107 1932 te
122 1876 266 1946 miramur,
282 1893 349 1933 curn
363 1875 436 1933 haec
451 1875 605 1946 reticueris,
615 1891 673 1932 non
689 1876 819 1950 potuisse
834 1877 980 1935 continere

27 1972 213 2032 iracundiam
232 1983 320 2042 tuam,
336 1975 406 2050 quin
425 1973 511 2032 nobis
525 1974 561 2032 de
576 1982 670 2031 morte
685 1971 817 2030 Caesaris
832 1973 981 2032 obiiceres

30 2091 58 2145 3.
83 2069 161 2128 Illud
174 2089 242 2129 vero
257 2089 345 2147 quem
361 2072 399 2129 ad
415 2070 537 2129 modum
557 2070 712 2128 ferundum
732 2070 775 2141 sit,
792 2080 852 2128 tute
874 2072 981 2147 cogita,
1003 2063 1005 2068 ’

29 2190 95 2230 non
114 2170 200 2230 licere
218 2171 400 2247 praetoribus
419 2169 594 2229 concordiae
613 2188 647 2227 ac
665 2170 802 2227 libertatis
823 2187 911 2228 causa
930 2187 983 2246 per

30 2271 164 2328 edictum
178 2270 215 2328 de
230 2287 284 2327 suo
299 2269 359 2327 inre
375 2268 524 2338 decedere,
540 2268 610 2344 quin
625 2267 729 2326 consul
749 2286 830 2326 arma
848 2269 982 2326 minetur.

31 2368 173 2440 Quorum
194 2368 299 2425 fiducia
317 2366 387 2424 nihil
406 2376 450 2426 est
469 2366 549 2442 quod
569 2385 624 2425 nos
643 2375 766 2438 terreas;
788 2385 883 2442 neque
905 2369 983 2424 enirn

31 2468 120 2527 decet
134 2475 183 2525 aut
197 2467 331 2526 convenit
346 2467 431 2525 nobis
445 2466 575 2542 periculo
596 2466 644 2524 ulli
664 2466 832 2524 submittere
852 2468 981 2524 animum

31 2575 169 2624 nostrum
188 2582 283 2641 neque
303 2576 346 2623 est
360 2565 490 2622 Antonio
510 2563 725 2640 postulandum,
741 2573 773 2621 ut
793 2564 828 2622 iis
849 2565 980 2640 imperet,
1011 2563 1015 2574 '

32 2681 161 2740 quorum
189 2681 279 2739 opera
307 2662 379 2721 liber
407 2673 459 2720 est.
508 2661 573 2721 Nos
601 2662 626 2720 si
654 2662 709 2720 alia
735 2662 926 2734 hortarentur,
951 2673 983 2721 nt

32 2762 145 2820 bellum
164 2761 244 2819 civile
264 2760 401 2819 suscitare
420 2760 565 2830 vellerrius,
586 2761 696 2818 litterae
717 2771 783 2819 tuae
804 2760 875 2817 nihil
895 2762 983 2837 profi-

33 2867 151 2930 cerent;
173 2859 251 2917 nulla
269 2859 349 2916 enirn
367 2858 504 2916 minantis
522 2857 676 2916 auctoritas
695 2857 774 2933 apud
794 2857 900 2917 liberos
922 2869 983 2916 est:

34 2959 89 3016 sed
105 2956 224 3032 pulchre
240 2955 383 3030 intellegis
402 2973 463 3014 non
482 2973 571 3031 posse
590 2973 645 3013 nos
660 2974 810 3032 quoquam
825 2958 940 3034 impelli,
955 2967 984 3016 et

35 3055 166 3114 fortassis
181 3073 216 3114 ea
229 3073 260 3112 re
274 3054 425 3114 minaciter
441 3055 512 3129 agis,
527 3061 559 3111 ut
579 3054 717 3112 iudicium
737 3063 868 3112 nostrum
888 3067 982 3114 metus

35 3153 174 3214 videatur.
217 3171 244 3225 4.
266 3152 331 3212 Nos
345 3153 376 3211 in
389 3153 444 3211 hac
459 3152 602 3211 sententia
616 3170 724 3218 snmus,
740 3163 771 3210 ut
785 3163 812 3212 te
833 3155 984 3230 cupiamus

37 3252 66 3309 in
81 3252 172 3310 libera
185 3270 216 3309 re
231 3251 348 3328 publica
366 3269 508 3327 magnum
527 3253 614 3326 atque
633 3251 790 3309 honesturn
810 3270 883 3324 esse,
898 3271 983 3312 voce·

37 3367 104 3408 mus
128 3358 156 3408 te
181 3349 220 3408 ad
243 3349 337 3408 nullas
357 3350 529 3420 inimicitias
552 3349 604 3408 sed
625 3358 723 3408 tamen
744 3350 833 3427 pluris
854 3363 984 3410 nostram

39 3445 199 3506 libertatem
213 3464 303 3524 quam
317 3460 397 3506 tuam
417 3447 572 3508 amicitiam
591 3447 786 3506 aestimemus.
829 3447 879 3506 Tu
897 3450 984 3508 etiarn
