2452 3842
63 251 103 312 Ep.
115 247 156 310 ⁶4,
172 235 229 318 ⁶5,]
284 246 398 296 seror.
417 246 468 294 an
488 225 722 298 nrrrcuru'rx.
743 252 788 298 12,
944 247 1001 315 157

63 407 249 466 concordiam
266 425 319 483 per
332 417 360 465 te
375 424 464 484 quarn
479 407 816 465 accommodatissimum
831 407 1001 465 conservari.

64 506 138 582 Ego,
153 524 220 565 cum
235 516 320 564 antea
334 507 384 564 tibi
399 506 435 565 de
455 505 581 564 Lentulo
601 507 707 581 gratias
727 506 861 581 egissem,
877 506 959 581 quod
977 507 1003 564 ei

64 605 155 676 saluti,
176 605 226 681 qui
249 604 319 662 mihi
339 604 439 674 fuerat,
461 604 572 675 fuisses,
592 615 692 663 tamen
713 605 792 663 lectis
814 605 875 663 eius
895 605 1003 674 litteriS,

62 720 133 777 quas
154 703 193 760 ad
212 721 260 760 me
281 704 444 778 gratissimo
466 704 565 760 animo
591 703 627 761 de
651 712 701 760 tua
726 702 891 760 liberalitate
915 703 1004 760 bene-

63 803 188 878 ficioque
206 803 292 873 misit,
307 804 430 861 eandem
450 820 497 860 me
516 803 638 861 salutern
657 821 674 860 a
693 811 721 860 te
740 803 887 877 accepisse
904 803 1008 876 putavi

60 919 147 977 quarn
168 901 230 972 ille3
258 903 288 960 in
310 920 397 979 quem
419 903 443 960 si
464 919 511 960 me
532 901 674 976 intellegis
696 919 759 959 esse
780 910 902 976 gramm,
926 917 1004 970 cura,

63 1001 194 1070 obsecro,
208 1010 240 1058 ut
254 1000 341 1059 etiam
355 1001 385 1058 in
400 1000 573 1076 Pompeium
588 1017 652 1058 esse
666 1001 785 1076 possim.

282 1153 330 1207 65.
372 1147 427 1205 ΑΙ)
449 1146 644 1206 ATTICUM
666 1145 719 1205 IX.
742 1167 786 1206 12.

64 1260 129 1321 Scx.
145 1281 176 1320 m
197 1261 353 1322 Foxmnno
370 1283 397 1322 n.
414 1263 681 1322 n.x11.Knrannns
694 1265 821 1322 Annuus
842 1283 924 1324 nuc.
938 1277 1006 1338 705.

377 1389 481 1430 crcuxo
503 1388 609 1429 armco
630 1389 691 1429 sna.

105 1504 130 1542 r.
154 1483 298 1544 Luoxnnn
322 1495 386 1544 tuas
411 1486 518 1543 litteras
543 1505 602 1544 x111.
626 1485 675 1554 K.,
694 1505 761 1544 cum
784 1487 855 1544 mihi
883 1485 1005 1561 epistola

64 1582 190 1641 adfertur
204 1601 222 1640 a
239 1583 340 1659 Lepta,
355 1585 599 1643 circumvallatum
619 1603 683 1644 esse
702 1585 884 1662 Pompeium,
899 1584 1009 1642 ratibus

64 1683 151 1739 etiam
173 1682 266 1740 exitus
287 1694 388 1759 portus
409 1683 518 1741 teneri:
542 1701 602 1741 non
623 1684 737 1742 medius
756 1684 840 1742 fidius
859 1702 929 1760 prae
950 1684 1009 1740 lac-

63 1781 144 1839 rimis
163 1799 285 1856 possum
304 1783 412 1858 reliqna
431 1802 485 1841 nec
505 1785 633 1858 cogitare
648 1802 703 1841 nec
718 1785 850 1842 scribere.
887 1783 956 1842 Misi
971 1783 1009 1841 ad

63 1890 93 1936 te
108 1880 282 1957 exemplum.
325 1880 451 1939 Miseros
466 1885 538 1940 nos!
561 1899 613 1938 cur
626 1900 687 1939 non
702 1900 806 1940 omnes
825 1881 915 1940 fatum
934 1882 1009 1940 illius

63 1996 124 2035 una
143 1979 271 2036 exsecuti
291 1980 411 2036 sumus?
451 1978 530 2037 Ecce
549 1990 647 2038 autern
666 1997 683 2036 a
704 1979 798 2037 Matio
819 1989 848 2037 et
868 1982 1009 2039 Trebatio

62 2076 177 2144 eadem,
192 2077 297 2152 quibus
316 2076 473 2135 Mintumis
494 2078 571 2136 obvii
592 2077 726 2136 Caesaris
747 2078 894 2136 tabellarii.
933 2078 1010 2136 Tor-

63 2191 158 2251 queor
181 2174 287 2245 infelix,
309 2186 340 2234 ut
362 2177 419 2233 iam
441 2175 520 2234 illum
542 2175 713 2234 Mucianum
735 2177 841 2234 exitum
864 2186 1009 2252 exoptem.

63 2274 105 2332 At
127 2291 216 2349 quarn
237 2273 368 2345 honesta,
390 2284 527 2350 utquam
549 2274 683 2350 expedita
705 2284 754 2332 tua
775 2275 903 2344 consilia,
922 2293 1009 2350 quarn

63 2373 200 2448 evigilata
213 2373 269 2431 tuis
283 2373 508 2449 cogitationibus
523 2391 581 2450 qua
600 2374 716 2442 itineris,
732 2391 791 2449 qua
811 2374 1010 2448 navigationis.

63 2489 124 2547 qua
146 2489 320 2546 congressus
341 2470 543 2546 sermonisque
563 2489 630 2529 cum
652 2465 793 2530 Caesarei
819 2473 919 2529 omnia
943 2491 1011 2532 cum

62 2551 198 2640 honesta,
225 2580 287 2628 tum
314 2580 407 2628 cauta.
456 2569 492 2626 In
519 2569 641 2646 Epirum
669 2587 738 2628 vero
767 2570 895 2629 invitatio
923 2589 1012 2647 quam

63 2669 171 2739 suavis,
193 2685 281 2744 quam
301 2668 433 2738 liberalis
455 2685 544 2744 quam
566 2668 706 2727 fraternal
751 2689 776 2726 a.
802 2668 847 2728 De
868 2669 1011 2746 Dionysio

64 2787 131 2828 sum
153 2767 317 2839 admiratus,
333 2768 382 2842 qui
401 2767 479 2842 apud
498 2785 546 2824 me
564 2767 731 2825 honoratior
751 2767 803 2825 fuit
824 2787 912 2845 quarn
934 2769 1012 2844 apud

37 2897 40 2906 ·
64 2867 238 2943 Scipionem
270 2865 431 2935 Panaetius,
461 2884 478 2922 a
507 2883 565 2941 quo
593 2865 787 2942 impurissime
815 2865 886 2925 haec
915 2877 1013 2926 nostra

62 2966 183 3024 fortuna
204 2964 342 3040 despecta
364 2974 416 3022 est.
460 2962 519 3022 Odi
543 2962 694 3022 hominem
719 2974 747 3021 et
771 2964 879 3034 odero;
901 2966 1012 3024 utinam

62 3064 165 3122 ulcisci
179 3065 315 3138 possem!
338 3063 390 3121 sed
403 3063 483 3121 illum
497 3062 672 3120 ulciscentur
685 3081 782 3121 mores
797 3063 850 3121 sui.

108 3182 136 3238 3.
160 3161 218 3232 Tu,
234 3179 351 3239 quaeso
367 3180 445 3220 nunc
459 3161 504 3220 vel
522 3161 657 3231 maxime,
672 3161 742 3236 quid
761 3162 908 3236 agendum
927 3164 1012 3221 nobis

62 3263 109 3332 sit,
141 3262 246 3336 cogita.
293 3261 397 3336 Populi
425 3260 552 3319 Romani
580 3260 723 3318 exercitus
756 3260 810 3320 Cn.
839 3261 1011 3336 Pompeium

61 3361 267 3432 circumsedet,
283 3361 363 3418 fossa
382 3369 411 3419 et
428 3359 504 3418 vallo
523 3369 656 3435 saeptum
675 3369 763 3430 tenet,
778 3359 848 3436 fuga
861 3361 1010 3436 prohibet:

60 3477 121 3519 nos
137 3459 258 3518 vivimus
273 3471 301 3518 et
315 3469 370 3519 stat
383 3460 452 3520 urbs
466 3460 537 3531 ista;
552 3470 701 3535 praetores
715 3460 760 3518 ius
776 3459 874 3518 dicunt
882 3478 889 3531 ;
905 3458 1012 3517 aediles
