2436 3836
234 211 295 278 268
510 223 549 273 ra.
572 221 691 272 ruzin
711 225 906 274 cressonis
1087 217 1174 299 [aar

232 374 288 432 tuis
309 371 410 432 officiis
430 390 491 431 non
508 373 609 432 videor
624 372 695 432 mihi
715 374 895 450 respondere
913 392 1023 450 posse,
1049 379 1106 437 nisi
1125 378 1178 435 forre

232 483 264 530 ut
278 483 308 530 tu
322 471 488 546 gravissime
502 471 743 547 disertissimeque
761 471 910 548 scripsisti,
927 475 972 532 ita
994 494 1134 534 sensmns
1150 494 1177 542 es,
1202 485 1205 574 1

234 583 266 630 ut
279 587 327 628 me
341 568 444 628 referre
458 570 581 644 gratiam
595 579 688 646 putes,
699 587 766 628 cum
780 572 926 628 memoria
941 575 1074 633 tenebo.
1116 575 1176 632 Side

234 667 282 726 filii
295 668 336 726 tui
351 667 488 744 dignitate
509 677 585 726 esset
602 677 707 738 actum,
722 667 872 726 amabilius
893 680 980 728 oerte
1004 673 1081 731 nihil
1096 673 1176 735 iacere,
1203 607 1206 742 i

235 768 386 844 potuisses.
428 765 541 824 Primae
562 775 629 824 tuae
651 765 808 824 sententiae
824 766 946 825 infinitis
971 787 1049 828 cum
1071 773 1176 828 muneri-

234 865 297 936 bus,
312 863 487 942 posteriores
504 863 541 923 ad
555 874 671 941 tempus
690 863 895 939 arbitriumque
915 867 1095 927 amicorum
1115 887 1177 926 meo·

234 983 298 1022 rum
312 964 500 1040 compositae,
514 963 607 1021 oratio
621 962 743 1022 adsidua
760 971 789 1020 et
802 973 946 1039 perpetua
966 966 1010 1024 de
1029 986 1091 1038 me,
1106 969 1177 1042 iurgia

234 1081 302 1122 cum
316 1061 555 1120 obtrectatoribus
568 1071 687 1137 propter
699 1079 747 1120 me
761 1061 912 1119 notissima
926 1063 1005 1121 mihi
1022 1076 1095 1123 sunt
1103 1086 1111 1136 ;
1131 1083 1175 1122 non

236 1161 390 1220 mediocris
414 1159 580 1218 adhibenda
601 1159 672 1216 mihi
697 1169 740 1217 est
761 1177 837 1228 cura,
858 1169 891 1216 ut
912 1161 957 1217 rei
983 1164 1125 1237 publicae
1142 1181 1176 1219 me

236 1260 328 1320 civem
356 1258 476 1334 dignum
505 1258 560 1315 tuis
587 1257 721 1316 laudibus
750 1267 902 1333 praestem,
928 1259 960 1314 in
991 1261 1177 1320 amicitiani

236 1374 397 1417 memorem
430 1365 516 1432 atque
551 1365 673 1431 gratum
716 1354 806 1426 Quod
838 1355 983 1430 reliquum
1024 1370 1081 1430 est,
1111 1373 1177 1418 mun

236 1474 343 1515 munus
361 1465 440 1514 tuere
462 1464 491 1513 et
509 1472 564 1524 me,
580 1455 612 1523 si,
627 1471 714 1529 quern
735 1471 799 1511 esse
813 1453 934 1523 voluisti,
950 1473 1026 1514 eum
1049 1460 1129 1516 exitu
1145 1477 1178 1515 re·

236 1557 348 1630 busque
369 1552 533 1629 cognoscis,
551 1551 674 1611 defende
695 1569 728 1609 ac
749 1551 873 1626 suscipe.
917 1571 942 1609 2.
965 1552 1049 1612 Cum
1071 1556 1178 1615 Rhoda-

236 1669 307 1709 num
335 1652 436 1727 copias
460 1651 635 1709 traiecissem
660 1648 832 1726 fratremque
857 1668 925 1708 cum
949 1651 1048 1712 tribus
1072 1656 1179 1712 milibus

237 1750 367 1826 equitum
381 1748 604 1826 praemisissem,
619 1748 681 1822 ipse
695 1747 749 1804 iter
762 1747 799 1805 ad
813 1744 960 1805 Mutinam
974 1749 1144 1827 dirigerem,
1156 1755 1179 1808 in
1206 1731 1207 1784 l

237 1850 337 1908 itinere
363 1848 399 1907 de
424 1847 535 1923 proelio
558 1846 635 1904 iacto
658 1845 807 1922 Brutoque
835 1855 864 1903 et
886 1845 1002 1905 Mutina
1033 1851 1181 1910 obsidione

236 1947 361 2006 liberatis
381 1946 492 2004 audivi:
515 1944 701 2002 animadverti
718 1944 830 2001 nullum
850 1945 938 2002 alium
955 1959 1116 2023 receptum
1129 1950 1180 2006 An-

237 2047 349 2105 tonium
370 2044 568 2120 reliquiasque,
585 2061 658 2119 quae
680 2061 748 2100 cum
768 2061 806 2101 eo
826 2053 931 2114 essent,
945 2044 1062 2106 habere
1082 2050 1140 2106 nisi
1157 2049 1180 2104 in

236 2145 280 2204 his
295 2143 430 2221 partibus,
445 2143 574 2219 duasque
589 2142 615 2199 ei
630 2159 696 2217 spes
711 2159 775 2200 esse
788 2142 961 2217 propositas,
974 2161 1071 2203 unam
1085 2144 1181 2221 Lepidi

236 2243 334 2320 ipsius,
350 2241 468 2300 alteram
490 2240 639 2298 exercitus.
681 2238 771 2310 Quod
789 2240 933 2315 quaedam
951 2259 1022 2316 pars
1044 2246 1181 2302 exercitus

193 2374 208 2396 t
237 2359 298 2400 non
319 2340 416 2398 minus
438 2338 545 2397 sudosa
568 2345 611 2396 est
632 2355 721 2413 quam
742 2337 791 2414 qui
814 2355 881 2395 curn
902 2338 1038 2398 Antonio
1062 2340 1180 2410 iuenmt,

237 2439 394 2517 equitatum
422 2437 553 2494 revocavi
563 2455 572 2506 ;
608 2436 670 2510 ipse
702 2436 733 2492 in
760 2434 968 2510 Allobrogibus
997 2439 1129 2510 constiti,
1156 2449 1181 2495 ut

238 2536 360 2615 proinde
374 2535 411 2594 ad
425 2533 524 2593 omnia
536 2541 653 2609 paratus
671 2551 766 2592 essem
785 2550 819 2590 ac
837 2551 883 2590 res
901 2551 949 2590 me
965 2547 1114 2595 moneret.
1155 2537 1180 2593 Si

238 2635 333 2694 nudus
347 2634 405 2692 huc
420 2650 450 2690 se
464 2631 610 2690 Antonius
630 2629 749 2701 confert,
765 2628 847 2689 facile
866 2630 936 2688 mihi
951 2631 1058 2690 videor
1073 2653 1128 2710 per
1140 2654 1180 2692 me

238 2735 377 2792 sustinere
391 2747 479 2807 posse
498 2747 617 2805 remque
634 2729 781 2804 publicam
801 2746 839 2786 ex
852 2738 946 2787 vestra
966 2735 1118 2792 sententia
1138 2734 1179 2792 ad·

238 2831 407 2900 ministrare,
421 2827 552 2905 quamvis
566 2827 604 2884 ab
621 2826 747 2886 exercitu
761 2825 864 2901 Lepidi
883 2827 1038 2902 recipiatur
1045 2849 1055 2900 ;
1080 2833 1105 2890 si
1120 2846 1179 2890 vero

238 2927 388 3003 copiarum
409 2925 516 3002 aliquid
536 2942 636 2984 secum
648 2924 782 2984 adducet
798 2933 827 2982 et
841 2923 866 2981 si
886 2923 999 2982 decima
1013 2925 1096 3002 legio
1111 2941 1178 2988 vete·

237 3043 315 3095 rana,
339 3043 413 3101 quae
441 3034 540 3084 nostra
567 3040 657 3099 opera
671 3031 806 3081 revocata
833 3039 900 3082 cum
923 3021 1040 3098 reliquis
1070 3038 1124 3098 est,
1146 3028 1177 3085 ad

237 3121 364 3196 eundem
384 3121 511 3180 furorem
532 3121 653 3192 redierit,
671 3129 777 3186 tamen,
793 3137 830 3178 ne
850 3119 919 3196 quid
941 3119 1108 3183 detrimenti
1128 3127 1176 3194 fiat,

237 3219 351 3280 dabitur
372 3237 461 3295 opera
482 3237 500 3277 a
520 3237 576 3289 me,
590 3219 677 3295 idque
698 3236 745 3278 me
765 3227 975 3293 praestaturum
996 3235 1095 3294 spero,
1114 3223 1175 3280 dun

238 3319 322 3378 istinc
343 3315 444 3393 copiae
463 3316 638 3375 traiiciantur
656 3316 886 3391 coniunctaeque
901 3315 1054 3374 nobiscum
1072 3317 1175 3379 facilius

238 3416 365 3492 perditor
512 3429 517 3432 ·
546 3422 565 3472 t.
619 3433 645 3487 3.
667 3412 736 3472 Hoc
758 3412 810 3472 tibi
838 3413 978 3490 spondeo,
1002 3415 1044 3474 mi
1067 3415 1173 3489 Cicero,
1207 3433 1208 3450 ¹
