2452 3842
210 229 271 295 208
487 245 525 293 tv.
551 243 669 291 rurrrr
691 244 904 292 cronnorvrs‘
1029 230 1103 313 [ras
1120 245 1160 292 rv.

209 401 338 472 consilio,
360 401 518 462 sedetiam
539 421 587 461 me
608 412 734 472 auctore,
755 410 799 460 est
820 401 976 478 profectus.
1019 399 1080 459 Cui
1102 419 1160 477 ego

208 502 493 560 commendationem
511 519 570 559 non
591 518 655 558 sum
675 500 825 576 pollicitus,
839 518 902 558 non
915 500 988 576 quin
1007 517 1077 556 eam
1093 499 1160 556 vali-

208 608 301 656 turam
315 600 393 675 apud
411 608 440 657 te
458 600 615 669 arbitrarer,
631 599 683 658 sed
697 618 792 676 neque
807 617 891 674 egere
911 599 983 655 mihi
1003 616 1159 657 commen-

208 695 324 755 datione
338 699 495 770 videbatur,
510 698 560 774 qui
574 708 602 756 et
616 698 647 754 in
664 697 739 755 bello
759 707 855 755 tecum
868 696 971 755 fuisset
992 707 1022 754 et
1036 705 1158 774 propter

207 797 378 854 memoriam
392 794 489 854 Crassi
504 795 541 854 de
555 797 611 854 tuis
626 813 701 854 unus
716 805 801 865 esset,
816 806 853 865 et,
868 796 893 853 si
906 796 949 852 uti
963 795 1157 853 commenda·

208 894 334 952 tionibus
351 893 442 963 vellet,
458 895 545 952 etiam
563 913 615 969 per
634 893 706 951 alios
725 911 793 951 eum
807 893 941 952 videbam
961 893 992 950 id
1012 892 1157 967 consequi

208 1009 310 1067 posse;
333 993 529 1050 testimonium
543 992 601 1049 mei
616 991 652 1048 de
666 1009 703 1049 eo
718 991 823 1062 iudicii,
838 991 919 1067 quod
933 992 1040 1070 etipse
1055 993 1157 1066 magni

208 1091 377 1149 aestimabat
391 1099 419 1148 et
433 1108 490 1165 ego
508 1090 585 1165 apud
599 1098 627 1146 te
641 1089 734 1147 valere
754 1107 833 1147 eram
847 1099 994 1166 expertus,
1011 1091 1039 1148 ei
1053 1090 1156 1148 luben-

208 1199 250 1246 ter
269 1189 343 1246 dedi.
387 1209 413 1259 4.
434 1187 562 1247 Doctum
583 1188 668 1262 igitur
681 1186 832 1246 hominem
854 1189 980 1264 cognovi
1003 1199 1034 1247 et
1054 1187 1155 1247 studiis

209 1289 327 1364 optimis
345 1288 486 1356 deditum,
508 1287 594 1362 idque
616 1305 633 1344 a
654 1305 762 1364 puero:
785 1305 854 1345 narn
875 1287 956 1346 domi
977 1307 1065 1346 meae
1088 1305 1155 1346 cum

208 1387 338 1444 Diodoto
354 1386 461 1456 StoicO,
476 1385 593 1443 homine
607 1404 675 1444 meo
689 1386 797 1445 iudicio
812 1387 1015 1457 eruditissimo,
1027 1387 1155 1444 multum

209 1505 226 1542 a
240 1502 331 1560 puero
345 1484 413 1541 fuit:
434 1501 512 1542 nunc
531 1493 636 1554 autem,
650 1485 787 1543 incensus
805 1484 900 1544 studio
914 1503 1011 1542 rerum
1027 1496 1155 1553 tuarum,

208 1602 261 1666 eas
282 1582 381 1640 litteris
402 1581 521 1640 Graecis
545 1582 683 1641 mandare
709 1585 850 1659 cupiebat.
894 1582 985 1642 Posse
1012 1585 1155 1642 arbitror:

208 1681 281 1739 valet
302 1681 437 1754 ingenio;
466 1679 553 1738 habet
574 1698 676 1752 usum;
705 1681 764 1738 iam
786 1681 898 1757 pridem
919 1682 949 1738 in
977 1699 1015 1739 eo
1044 1701 1158 1758 genere

210 1777 293 1838 studii
317 1778 530 1854 litterarumque
558 1787 703 1849 versatur;
733 1780 801 1838 satis
825 1769 919 1838 facere
944 1779 1160 1838 immortalitati

208 1876 326 1935 laudum
340 1885 454 1933 tuarum
468 1875 632 1933 mirabiliter
649 1865 735 1953 cupit.
778 1877 880 1936 Habes
900 1877 1049 1953 opinionis
1069 1897 1159 1936 meae

211 1975 415 2042 testimonium,
430 1973 482 2031 sed
504 1985 534 2030 tu
554 1974 611 2032 hoc
630 1973 739 2031 facilius
759 1975 851 2032 multo
871 1993 925 2051 pro
943 1984 992 2031 tua
1013 1975 1160 2051 singulari

210 2073 360 2152 prudentia
381 2073 528 2131 iudicabis
569 2073 607 2130 Et
629 2083 736 2144 tamen,
757 2073 839 2149 quod
862 2075 1048 2149 negaveram,
1070 2092 1160 2132 com-

209 2173 317 2231 mendo
332 2173 383 2230 tibi
397 2190 484 2230 eum:
505 2172 642 2248 quicquid
657 2173 682 2230 ei
697 2170 935 2242 commodaveris,
946 2172 999 2230 erit
1014 2173 1046 2231 id
1060 2175 1160 2232 maio-

209 2291 271 2329 rem
285 2271 358 2328 miln'
368 2270 397 2326 in
410 2269 532 2327 modurn
545 2279 668 2345 gratum.

405 2431 452 2485 98.
493 2425 550 2484 AD
573 2424 825 2486 FAMILIARES
848 2425 900 2486 IV.
925 2440 950 2498 5.

353 2541 418 2602 sex.
440 2541 572 2604 Arunms
592 2560 685 2600 rmusr
706 2541 811 2600 Arrun
832 2559 915 2600 auc.
939 2553 954 2614 7
979 2559 1005 2614 9.

522 2666 639 2708 srrvrus
659 2667 792 2708 crcrnom
813 2665 835 2706 s.

254 2783 277 2822 1.
299 2763 414 2822 Posrrn
428 2781 516 2838 quam
529 2763 599 2820 mihi
614 2763 808 2820 renuntiatum
823 2770 867 2819 est
880 2760 917 2819 de
931 2761 1012 2819 obitu
1027 2760 1154 2834 Tulliae,

209 2863 283 2920 filiae
297 2872 371 2933 tuae,
383 2880 452 2921 sane
466 2880 555 2939 quam
565 2879 619 2937 pro
634 2879 669 2918 eo
684 2879 718 2918 ac
733 2859 819 2919 debui
834 2847 955 2935 graviter
968 2859 1154 2937 molesteque
1223 2905 1224 2916 2

209 2960 259 3018 tuli
283 2977 525 3036 communemque
550 2977 616 3017 eam
640 2959 832 3017 calamitatem
854 2957 1022 3028 existimavi,
1046 2959 1108 3034 qui,
1131 2961 1154 3018 si

207 3058 271 3117 istic
296 3058 458 3129 adfuissem,
485 3075 579 3132 neque
604 3058 654 3115 tibi
684 3056 840 3114 defuissem
864 3073 1022 3132 coramque
1051 3074 1154 3114 meum

207 3155 338 3214 dolorem
359 3155 410 3213 tibi
432 3155 631 3213 declarassem.
672 3154 735 3212 Etsi
755 3172 848 3229 genus
865 3153 922 3212 hoc
941 3153 1153 3214 consolationis

209 3257 346 3326 miserum
365 3265 450 3331 atque
470 3254 606 3313 acerbum
626 3264 677 3325 est,
692 3253 935 3330 proptereaque,
950 3272 1002 3329 per
1019 3271 1096 3330 quos
1117 3274 1153 3314 ea

209 3351 328 3412 confieri
347 3353 433 3410 debet
448 3349 641 3430 [propinquos
661 3369 695 3409 ac
710 3346 884 3431 familiares],
900 3351 918 3408 ii
932 3351 988 3427 ipsi
1002 3353 1065 3427 pari
1084 3371 1151 3414 mo·

208 3452 286 3494 ¹0⁰*ln
318 3447 488 3504 qdficiuntur
512 3465 606 3521 neque
634 3448 695 3505 sine
720 3448 842 3506 lacrimis
871 3448 967 3508 multis
991 3449 1021 3507 id
1049 3455 1151 3511 conari
