2452 3842
213 239 275 306 206
483 253 522 302 n.
548 251 668 302 rmum
688 253 875 302 cressonis
1031 242 1103 326 [rm
1117 255 1158 304 iv.

212 407 344 468 Caesaris
358 416 419 468 tam
434 424 533 466 severa
545 405 637 477 fuerit,
653 408 702 484 qui
716 416 777 466 tum
791 409 937 483 praetorio
954 409 1022 468 loco
1044 409 1158 468 dixerit,

212 506 405 566 consularium
426 513 508 581 putat
527 503 651 563 leniores
671 505 769 575 fuisse,
783 503 886 573 Catuli,
906 505 1028 578 Servilii,
1049 507 1158 566 Lucul-

211 605 314 676 lorum,
333 603 478 674 Curionis,
493 601 645 678 Torquati,
665 601 776 680 Lepidi,
792 603 886 675 Gellii,
901 603 1038 676 Volcatii,
1053 605 1158 682 Figuli,

212 701 326 773 Cottae,
340 701 374 760 L.
389 700 532 772 Caesaris,
552 701 586 760 C.
601 701 724 773 Pisonis,
743 703 829 760 etiam
850 702 903 761 Μ’.
917 702 1099 774 Glabrionis,
1116 704 1159 762 Si·

210 801 277 874 lani,
294 799 443 871 Murenae,
458 799 675 876 designatorum
693 801 853 860 consulum.
896 801 958 860 Cur
970 821 1031 879 ego
1046 804 1079 860 in
1093 823 1160 862 sen·

211 902 330 960 tentiam
345 899 487 959 Catonis?
528 897 606 970 Quia
619 900 714 958 verbis
727 900 962 960 luculentioribus
977 913 1008 962 et
1026 904 1161 979 pluribus

211 1015 273 1061 rem
287 999 411 1060 eandem
425 999 693 1076 comprehenderat.
728 999 779 1057 Me
790 1010 886 1058 autem
897 1000 945 1058 hic
956 1001 1069 1072 laudat,
1079 1001 1161 1078 quod

211 1099 375 1169 rettulerim,
397 1115 458 1156 non
479 1097 560 1173 quod
579 1097 773 1174 patefecerim,
795 1099 963 1157 cohortatus
989 1101 1057 1171 sim,
1081 1100 1162 1176 quod

211 1199 336 1276 denique
358 1207 432 1268 ante,
447 1213 536 1273 quam
558 1197 748 1269 consulerem,
770 1197 833 1274 ipse
853 1198 1063 1256 indicaverim:
1086 1217 1162 1276 qnae

211 1297 319 1368 omnia,
340 1297 408 1372 quia
428 1293 505 1354 Cato
525 1293 659 1354 laudibus
679 1297 819 1354 extulerat
839 1296 869 1354 in
893 1297 1010 1355 caelum
1034 1299 1160 1373 perscri-

210 1396 364 1472 bendaque
384 1403 543 1464 censuerat,
558 1393 665 1453 idcirco
686 1394 716 1452 in
736 1395 798 1454 eius
820 1396 992 1455 sententiam
1015 1407 1062 1454 est
1084 1397 1162 1456 facta

211 1494 358 1555 discessio.
402 1492 461 1551 Hic
489 1501 586 1550 autem
613 1510 645 1550 se
672 1494 760 1551 etiarn
784 1495 908 1552 tribuere
931 1495 1062 1553 multum
1089 1497 1160 1554 mihi

210 1601 300 1670 putat,
322 1592 403 1668 quod
427 1591 573 1668 scripserit
593 1590 753 1666 ‘optimum
774 1593 941 1651 consulem!
977 1593 1056 1665 Quis
1080 1597 1161 1656 enim

211 1689 333 1748 ieiunius
354 1689 425 1747 dixit
449 1689 603 1748 inimicus?
644 1689 692 1747 Ad
717 1699 812 1748 cetera
835 1709 903 1749 vero
928 1691 980 1750 tibi
1004 1710 1100 1768 quem
1124 1694 1160 1751 ad

210 1787 333 1847 modum
353 1787 512 1865 rescripsit!
534 1796 645 1845 tantum
665 1796 757 1863 rogat,
772 1769 809 1845 de
829 1799 946 1848 senatus
967 1791 1110 1850 consulto
1131 1801 1161 1849 ut

211 1887 348 1963 corrigas.
390 1885 459 1945 Hoc
474 1885 592 1962 quidem
606 1886 728 1958 fecisset,
743 1887 830 1945 etiam
849 1889 873 1947 si
889 1890 909 1960 †
923 1890 999 1946 rario
1019 1889 1160 1948 admoni-

210 1998 257 2046 tus
277 1995 361 2045 esset.
405 2004 431 2043 2.
455 1983 513 2044 Sed
533 1985 605 2043 haec
627 1985 729 2043 iterum
750 1985 812 2060 ipse
832 1985 942 2046 viderit.
985 1986 1033 2044 De
1054 1987 1160 2058 hortis,
1224 1979 1225 2074 l

209 2085 349 2164 quoniam
369 2084 484 2160 probas,
500 2081 581 2142 effice
600 2082 725 2159 aliquid:
746 2084 873 2143 rationes
891 2103 973 2144 meas
993 2086 1082 2144 nosti
1129 2088 1160 2146 si
1224 2157 1225 2162 .

210 2203 278 2244 vero
298 2183 385 2241 etiam
403 2200 421 2240 a
439 2181 562 2240 Faberio
578 2181 598 2252 †
613 2181 720 2258 aliquid
739 2182 855 2252 recedit,
869 2183 940 2240 nihil
961 2183 1075 2258 negotii
1098 2195 1159 2257 est;

210 2283 262 2343 sed
287 2283 373 2341 etiam
401 2279 463 2339 sine
491 2297 528 2338 eo
555 2295 644 2356 posse
671 2279 772 2338 videor
798 2281 981 2340 contendere.
1026 2281 1159 2343 Venales

211 2391 287 2441 certe
301 2389 369 2439 sunt
382 2377 479 2450 Drusi,
495 2377 616 2437 fortasse
630 2378 717 2436 etiam
731 2378 864 2437 Lamiani
879 2388 908 2438 et
928 2378 1081 2439 Cassiani:
1106 2382 1159 2440 sed
1224 2399 1225 2404 ¹

210 2497 317 2540 coram.
362 2497 388 2553 3.
402 2475 448 2536 De
460 2475 597 2536 Terentia
610 2494 670 2534 non
684 2493 806 2554 possum
820 2478 1003 2537 commodius
1019 2479 1157 2549 scribere,

210 2595 298 2654 quam
312 2586 344 2635 tu
359 2575 476 2635 scribis:
491 2574 619 2634 officium
634 2574 669 2633 sit
683 2571 768 2634 nobis
782 2576 1012 2652 antiquissimum
1024 2595 1032 2647 ;
1049 2577 1074 2635 si
1086 2579 1157 2656 quid

210 2692 265 2734 nos
290 2673 427 2745 fefellerit,
448 2675 522 2733 illius
548 2673 626 2732 malo
650 2691 698 2732 me
726 2692 814 2750 quam
842 2674 899 2732 mei
927 2674 1084 2750 paenitere.
1130 2697 1155 2747 4.

211 2771 302 2831 Oviae
321 2772 354 2831 C.
366 2771 451 2832 Lollii
469 2773 598 2831 curanda
617 2781 684 2831 sunt
706 2771 769 2831 HS.
784 2791 808 2832 c.
850 2771 948 2847 Negat
967 2771 1045 2830 Eros
1066 2791 1158 2848 posse

211 2871 273 2929 sine
291 2889 346 2943 me,
362 2872 458 2944 credo,
473 2870 554 2949 quod
568 2871 737 2948 accipienda
751 2870 846 2946 aliqua
860 2871 896 2929 sit
909 2881 938 2928 et
952 2870 1050 2928 danda
1069 2873 1158 2930 aesti-

210 2968 306 3026 matio.
347 2967 460 3028 Vellem
488 2970 540 3028 tibi
567 2969 703 3028 dixisset:
729 2969 753 3027 si
778 2968 856 3026 enim
880 2985 926 3026 res
952 2979 1004 3037 est,
1026 2977 1059 3026 ut
1084 2969 1159 3028 mihi

211 3065 315 3137 scribit,
337 3077 438 3143 parata
462 3085 517 3127 nec
541 3069 571 3127 in
596 3085 632 3126 eo
657 3069 722 3144 ipso
746 3068 890 3138 mentitur,
912 3083 964 3142 per
991 3075 1019 3124 te
1049 3068 1159 3127 confici

209 3164 319 3240 potuit;
341 3165 371 3223 id
386 3183 550 3242 cognoscas
565 3176 593 3224 et
607 3165 743 3224 conficias
757 3165 851 3224 velim.
895 3178 921 3238 5.
945 3162 1035 3235 Quod
1055 3183 1109 3224 me
1129 3167 1158 3224 in

209 3262 305 3321 forum
318 3265 414 3332 vocas',
427 3281 463 3322 eo
474 3281 571 3334 vocas,
580 3264 658 3322 unde
673 3263 759 3322 etiam
773 3263 859 3322 bonis
872 3262 946 3321 meis
960 3263 1048 3320 rebus
1063 3263 1158 3342 fugie-

209 3362 294 3431 bam;
317 3360 387 3434 quid
401 3362 479 3418 enim
499 3361 569 3418 mihi
588 3379 656 3418 cum
675 3360 749 3430 foro,
764 3361 827 3418 sine
845 3360 965 3432 iudiciis
981 3361 1045 3420 sine
1067 3365 1156 3434 curia,

210 3458 239 3512 in
256 3457 355 3486 ΑΜ]
369 3455 579 3512 εἽιπεηῐὶὶηπε
594 3457 636 3526 iis,
652 3475 726 3532 quos
741 3475 836 3534 aequo
855 3458 954 3517 animo
974 3459 1073 3518 videre
1093 3479 1156 3520 non
