2452 3842
52 257 151 317 ap.95,
165 240 222 322 96.]
256 253 368 305 srrsr.
384 254 435 301 ao
455 254 682 302 rnurrmnrs
703 256 752 302 rv.
772 259 821 303 11.
939 253 1001 320 205

244 476 291 531 95.
333 472 391 531 AD
412 471 663 532 FAMILIARES
686 471 737 530 IV.
763 490 807 530 11.

179 587 244 647 Seu.
267 588 435 647 Mvrrrnms
454 606 589 647 nxuuurrr
610 605 688 646 nuno
709 604 794 645 auc.
817 598 832 660 7
857 589 884 646 8.

355 713 525 755 uincamus
546 713 680 755 crcuuour
694 712 716 752 s.

100 829 126 867 1.
148 809 311 868 Pnunrrrurr
329 811 451 870 valuisse
472 809 550 886 apud
571 828 619 867 me
640 819 720 867 tuam
742 824 856 883 semper
878 806 1001 864 auctori-

51 917 146 967 tatem
160 927 227 966 cum
241 909 271 966 in
286 910 366 967 omni
380 928 410 968 re
425 919 487 967 tum
506 910 537 966 in
555 909 612 967 hoc
632 907 759 966 maxime
778 907 897 983 negotio
916 916 1001 983 potes

51 1009 228 1066 existimare.
271 1006 347 1066 Cum
366 1007 436 1066 mihi
456 1007 489 1067 C.
504 1007 668 1077 Marcellus,
683 1007 768 1064 frater
787 1005 1000 1063 amantissimus

51 1107 124 1175 mei,
139 1123 200 1164 non
214 1107 309 1165 solum
324 1107 478 1165 consilium
492 1105 581 1176 daret,
596 1104 649 1163 sed
668 1104 801 1180 precibus
816 1121 933 1179 quoque
951 1119 1000 1160 me

51 1207 230 1274 obsecraret,
240 1223 301 1262 non
312 1207 391 1281 prius
402 1205 473 1263 mihi
487 1203 659 1281 persuadere
674 1204 774 1279 potuit,
785 1220 873 1278 quam
887 1201 942 1260 tuis
957 1210 1001 1259 est

51 1303 193 1360 effectum
207 1304 307 1362 litteris
320 1314 351 1362 ut
365 1313 458 1362 uterer
469 1314 563 1362 vestro
577 1302 760 1378 potissimum
772 1300 901 1359 consilio.
940 1298 1000 1357 Res

51 1401 334 1478 quemadmodum
353 1403 389 1461 sit
408 1411 480 1472 acta,
492 1410 603 1460 vestrae
624 1401 733 1458 litterae
753 1399 824 1457 mihi
847 1397 1000 1456 declarant.

52 1495 217 1554 Gratulatio
232 1507 281 1554 tua
295 1497 350 1555 etsi
364 1506 408 1554 est
422 1495 493 1553 mihi
507 1497 719 1572 probatissima,
735 1494 815 1572 quod
829 1495 866 1552 ab
886 1493 998 1570 optimo

50 1591 87 1648 fit
103 1589 209 1661 anime,
224 1600 322 1649 tamen
336 1590 391 1649 hoc
405 1590 476 1649 mihi
490 1590 581 1648 multo
601 1591 753 1649 iucundius
774 1599 817 1648 est
836 1597 864 1647 e't
882 1588 999 1664 gratius,

51 1688 138 1764 quod
162 1689 192 1746 in
217 1707 331 1747 summa
356 1690 499 1765 paucitate
521 1689 690 1759 amicorum,
712 1689 944 1765 propinquorum
965 1704 1000 1744 ac

49 1787 295 1858 necessariorum,
318 1788 368 1864 qui
390 1805 456 1846 vere
483 1805 567 1845 meae
595 1787 680 1844 saluti
707 1787 842 1858 faverent,
865 1796 893 1844 te
918 1785 999 1860 cupi-

50 1884 208 1943 dissimum
229 1885 287 1944 mei
312 1885 544 1961 singularemque
568 1884 637 1941 mihi
660 1885 892 1942 benevolentiam
916 1901 999 1958 prae·

50 1983 162 2042 stitisse
176 1984 307 2059 cognovi.
352 2003 377 2043 2.
400 1982 523 2060 Reliqua
538 1993 604 2041 sunt
623 1983 685 2041 eius
705 1983 793 2053 modi,
809 1983 913 2057 quibus
933 1998 997 2056 ego,

50 2081 197 2157 quoniam
216 2082 288 2141 haec
305 2091 387 2140 erant
401 2091 541 2157 tempora,
556 2080 639 2138 facile
654 2090 682 2138 et
696 2097 791 2156 aequo
806 2080 904 2137 animo
920 2096 999 2137 care-

49 2183 142 2250 bam;
171 2179 228 2239 hoc
258 2197 325 2237 vero
350 2180 411 2238 eius
436 2179 517 2237 modi
541 2197 604 2237 esse
630 2188 733 2247 statuo,
755 2188 787 2236 ut
811 2178 873 2236 sine
898 2177 999 2234 talium

50 2280 183 2336 virorum
216 2287 244 2337 et
275 2279 435 2338 amicorum
466 2278 667 2336 benevolentia
698 2295 793 2353 neque
820 2277 851 2334 in
879 2275 1000 2333 adversa

50 2396 151 2455 neque
165 2378 196 2435 in
210 2377 338 2436 secunda
356 2377 471 2436 fortuna
485 2376 638 2452 quisquam
657 2377 749 2434 vivere
769 2375 881 2452 possit:
902 2375 999 2449 itaque

50 2480 85 2535 in
108 2476 164 2534 hoc
185 2493 242 2552 ego
263 2475 333 2533 mihi
353 2475 496 2551 gratulor3
522 2483 553 2532 tu
574 2491 641 2532 vero
663 2483 694 2532 ut
715 2474 865 2548 intellegas
886 2471 998 2530 homini

51 2575 230 2634 amicissimo
245 2583 273 2633 te
287 2574 420 2633 tribuisse
434 2573 568 2645 officium,
583 2592 613 2632 re
628 2574 678 2631 tibi
692 2573 855 2649 praestabo
891 2570 973 2629 Vale.

271 2733 319 2788 96.
361 2728 418 2786 ΑΙ)
439 2726 634 2787 ATTICUM
655 2726 724 2785 XII.
748 2745 793 2784 ar.

191 2844 256 2906 Ser.
278 2845 418 2906 Asrunarr
438 2861 532 2902 nausa
553 2842 676 2901 Manno
699 2860 781 2902 auc.
799 2854 814 2915 7
839 2859 866 2915 9.

378 2969 481 3012 cremo
502 2968 608 3009 arrrco
628 2967 687 3008 sar„

100 3085 122 3124 1.
146 3065 221 3126 eror
242 3067 322 3126 Bruti
342 3065 494 3142 epistolam
513 3082 636 3140 eamque
655 3063 705 3121 tibi
724 3062 830 3134 remisi,
846 3080 915 3120 sane
937 3080 998 3120 non

50 3166 211 3242 prudenter
231 3166 400 3241 rescriptam
421 3164 459 3222 ad
480 3181 523 3233 ea,
537 3180 613 3238 quae
634 3162 813 3237 requisieras.
857 3161 914 3219 Sed
935 3161 998 3236 ipse

50 3264 153 3324 viderit
163 3284 173 3338 3
194 3282 372 3340 quamquam
393 3262 463 3321 illud
483 3262 601 3336 turpiter
621 3261 755 3336 ignorat:
778 3258 921 3318 Catonem
940 3259 997 3334 pri-

49 3383 135 3424 mum
155 3364 327 3423 sententiam
348 3371 429 3439 putat
450 3360 486 3419 de
508 3359 756 3419 animadversione
777 3359 892 3430 dixisse,
908 3377 996 3434 quam

49 3482 157 3524 omnes
182 3473 248 3524 ante
272 3463 403 3522 dixerant
428 3469 540 3538 praeter
565 3457 729 3532 Caesarem,
752 3469 790 3530 et,
813 3476 880 3518 cum
905 3459 996 3534 ipsius
