2452 3842
24 225 81 284 Ep·
97 208 232 292 119,120.]
258 220 370 274 srrsr.
393 219 450 300 An
464 219 688 269 ramrnranus
709 221 758 270 rr.
779 226 811 288 4.
920 227 983 295 243

24 397 108 455 spes
123 388 167 441 est
181 379 210 436 in
230 398 285 440 eo:
307 379 378 437 nihil
395 389 449 452 est,
463 379 544 455 quod
565 397 627 440 non
648 379 826 439 existimetur
845 379 937 438 laudis
955 391 985 438 et

22 479 148 553 gloriae
163 497 251 539 causa
265 478 400 539 factiuns
434 479 581 540 Antonius
596 489 701 550 autem,
713 488 812 537 noster
827 479 982 551 familiaris

22 585 121 638 tanto
143 595 174 636 se
194 577 264 638 odio
285 595 349 636 esse
371 577 517 653 intellegit,
538 589 579 651 ut,
601 597 668 637 cum
693 578 889 639 interfectores
912 597 982 640 suos

23 676 120 734 domi
134 675 383 752 conprehenderit,
398 695 459 734 rem
474 676 602 753 proferre
617 696 678 736 non
692 678 805 736 audeat.
847 678 883 739 A.
894 679 922 740 d.
932 699 980 738 vn.

22 771 81 828 Id.
109 769 174 829 Oct.
198 770 385 829 Brundisium
411 780 472 829 erat
498 771 645 846 profectus
674 773 789 830 obviam
818 773 981 849 legionibus

22 868 237 927 Macedonicis
252 879 394 943 quattuor,
409 887 481 944 quas
497 869 551 926 sibi
565 869 719 928 conciliare
733 871 858 945 pecunia
872 873 980 947 cogita-

21 971 86 1026 bat
109 985 216 1042 easque
237 967 274 1024 ad
299 957 399 1025 urbem
424 966 567 1024 adducere
592 976 620 1025 et
641 967 671 1022 in
696 967 853 1026 cervicibus
874 970 981 1028 nostris

21 1066 196 1126 conlocare.
239 1085 266 1140 3.
287 1065 390 1124 Habes
412 1065 535 1123 formam
556 1065 596 1122 rei
617 1065 757 1140 publicae,
779 1067 804 1124 si
825 1066 856 1124 in
877 1069 980 1126 castris

23 1174 211 1241 potestesse
225 1182 271 1222 res
288 1164 419 1238 publica;
441 1164 545 1239 inquo
565 1172 645 1220 tuam
663 1163 756 1220 vicem
776 1182 864 1240 saepe
884 1165 979 1237 doleo,

24 1263 118 1339 quod
138 1262 248 1320 nullam
276 1271 386 1338 partem
414 1280 466 1338 per
494 1270 617 1320 aetatem
646 1278 733 1319 sanae
761 1270 789 1320 et
817 1263 911 1322 salvae
939 1266 981 1322 rei

5 1425 9 1431 ,
23 1361 168 1439 publicae
182 1370 297 1439 gustare
311 1360 438 1438 potuisti.
480 1360 577 1435 Atque
591 1359 713 1417 antehac
728 1360 845 1436 quidem
863 1381 979 1440 sperare

24 1461 138 1519 saltem
152 1459 272 1531 licebat3
294 1477 372 1517 nunc
387 1459 473 1517 etiam
487 1458 517 1517 id
531 1467 663 1536 ereptum
677 1469 737 1516 est:
753 1478 827 1534 quae
842 1462 920 1518 enim
934 1473 980 1522 est

24 1578 112 1636 spes,
127 1577 193 1616 curn
212 1558 242 1614 in
261 1558 398 1615 contione
416 1558 510 1616 dicere
529 1576 616 1616 ausus
636 1559 672 1615 sit
693 1557 838 1617 Antonius
861 1558 978 1618 Cannu-

22 1661 108 1717 tium
123 1656 200 1732 apud
214 1674 266 1714 eos
280 1656 379 1714 locum
398 1657 453 1714 sibi
468 1675 612 1733 quaerere,
628 1657 733 1732 quibus
751 1675 781 1714 se
799 1657 878 1715 salvo
896 1658 978 1717 locus

22 1760 59 1815 in
89 1737 202 1814 civitate
230 1773 294 1814 esse
322 1773 383 1813 non
411 1757 528 1830 posset?
570 1773 596 1826 4.
618 1754 765 1831 Equidem
794 1767 822 1814 et
850 1755 921 1814 haec
950 1768 978 1815 et

23 1855 141 1925 omnia,
156 1872 231 1930 quae
251 1853 363 1911 homini
384 1854 515 1911 accidere
536 1863 668 1929 possunt,
684 1853 725 1911 sic
747 1852 817 1924 fero,
832 1864 864 1911 ut
884 1855 978 1930 philo·

23 1953 155 2030 sophiae
169 1970 308 2028 magnam
322 1951 444 2010 habeam
458 1952 589 2027 gratiam,
606 1969 680 2027 quae
695 1968 742 2008 me
757 1970 818 2009 non
832 1953 923 2010 modo
939 1955 976 2011 ab

22 2052 225 2112 sollicitudine
252 2051 378 2117 abducit,
404 2050 455 2109 sed
480 2051 566 2108 etiam
590 2059 691 2108 contra
715 2067 819 2108 omnes
844 2050 976 2109 fortunae

23 2154 160 2228 impetus
175 2160 275 2220 armat,
290 2150 398 2225 tibique
413 2150 490 2208 idem
505 2166 611 2208 censeo
626 2147 791 2206 faciendum
805 2167 869 2218 nec,
884 2166 975 2225 aquo

23 2251 118 2326 culpa
134 2249 217 2320 absit,
232 2249 388 2324 quicquam
408 2250 438 2306 in
459 2248 542 2306 malis
561 2247 781 2305 numerandum.
826 2246 882 2304 Sed
903 2246 975 2306 haec

21 2359 57 2406 tu
73 2347 188 2406 melius.
230 2347 397 2405 Tratorium
416 2357 548 2406 nostrum
570 2365 637 2404 cum
658 2364 774 2421 semper
794 2347 974 2422 probassem,

20 2459 89 2504 turn
106 2446 232 2504 maxime
246 2447 276 2504 in
291 2447 347 2504 tuis
360 2448 446 2504 rebus
460 2463 605 2504 summam
620 2446 680 2503 eius
695 2445 783 2502 fidem
797 2445 974 2521 diligentiam

23 2544 271 2620 prudentiamque
300 2545 432 2620 cognovi.
474 2544 522 2601 Da
554 2561 681 2625 operam,
711 2551 742 2600 ut
768 2543 880 2614 valeas;
916 2541 973 2600 hoc

22 2644 99 2702 mihi
114 2644 222 2718 gratius
236 2642 330 2701 facere
344 2643 413 2701 nihil
427 2652 518 2719 potes.

223 2805 288 2860 120.
329 2800 387 2860 AD
408 2799 659 2858 FAMILIARES
681 2799 732 2858 XI.
757 2817 783 2870 4.

54 2916 125 2978 Scs.
140 2935 171 2975 nr
191 2915 310 2975 611111
330 2936 486 2976 crrunronu
506 2935 642 2975 nxnurrrn
664 2933 757 2974 uunsu
779 2914 938 2973 Novnunrr

420 3033 503 3074 1111.
521 3027 587 3088 710.

159 3140 186 3178 D.
203 3139 314 3180 BRUTUS
329 3140 386 3180 IMP.
401 3140 459 3181 COS.
474 3140 564 3180 DESIG.
580 3140 602 3179 S.
617 3140 644 3179 D.
660 3140 690 3179 Μ.
706 3139 846 3180 CICERONI.

70 3257 95 3297 1.
124 3235 156 3295 Sr
177 3236 213 3294 de
234 3248 283 3295 tua
304 3238 334 3295 in
354 3256 402 3295 me
423 3237 568 3295 voluntate
590 3237 756 3306 dubitarem,
779 3235 875 3294 multis
901 3253 918 3292 a
943 3244 970 3292 te

25 3338 121 3395 verbis
141 3345 279 3411 peterem,
293 3346 325 3393 ut
342 3336 510 3411 dignitatem
529 3353 626 3393 meam
640 3345 758 3406 tuerere,
774 3335 824 3392 sed
840 3333 969 3410 profecto

28 3446 70 3494 est
83 3438 133 3506 ita,
150 3445 182 3493 ut
194 3434 266 3491 mihi
284 3436 420 3510 persuasi,
438 3453 485 3492 me
505 3435 556 3492 tibi
575 3452 640 3493 esse
660 3453 753 3492 curae.
795 3433 968 3508 Progressus

472 3550 522 3591 Ra
