2432 3844
206 217 250 278 44
478 209 517 256 M.
543 207 662 256 ruam
684 209 870 257 creaxorvrs
1045 195 1121 279 [Pars
1141 215 1163 261 r.

207 365 362 427 desiderari
383 367 490 443 putas?
513 367 583 426 nolo
605 383 844 438 commemorare,
859 367 964 443 quibus
984 369 1075 428 rebus
1099 370 1163 428 sim

207 467 355 542 spoliatus,
384 483 445 524 non
473 464 567 524 solum
595 465 664 542 quia
688 484 749 524 non
773 466 898 542 ignoras,
923 466 1091 525 sedetiam
1117 487 1163 526 ne

209 564 370 623 rescindam
398 565 461 640 ipse
489 563 620 622 dolorem
647 583 763 622 meum:
794 564 851 623 hoc
875 565 1027 636 confirmo,
1051 584 1161 642 neque

208 663 294 722 tantis
318 663 403 722 bonis
428 681 491 722 esse
516 663 657 740 privatum
680 681 856 740 quemquam
880 682 976 739 neque
998 665 1029 722 in
1051 673 1160 724 tantas

207 763 337 820 miserias
365 761 508 821 incidisse.
560 761 631 820 Dies
657 771 753 820 autem
782 779 843 820 non
871 761 961 820 modo
990 780 1051 820 non
1076 762 1159 820 levat

206 861 316 920 luctum
330 860 416 931 hunc,
431 859 483 918 sed
498 860 585 918 etiam
606 869 709 935 auget;
737 878 807 918 nam
828 861 915 919 ceteri
936 860 1051 918 dolores
1073 861 1156 918 miti-

207 970 311 1034 gantur
325 967 474 1029 vetustate‚
488 957 534 1016 hic
550 975 611 1016 non
631 968 728 1033 potest
748 976 809 1016 non
830 968 859 1016 et
880 977 969 1017 sensu
989 959 1156 1034 praesentis

207 1058 339 1116 miseriae
354 1068 382 1115 et
401 1057 600 1115 recordatione
620 1057 789 1133 praeteritae
803 1057 876 1116 vitae
891 1058 1019 1133 quotidie
1033 1057 1155 1133 augeri:

208 1155 341 1215 desidero
369 1154 448 1212 enim
475 1172 536 1212 non
563 1172 630 1213 mea
657 1155 751 1213 solum
779 1173 874 1230 neque
902 1172 993 1228 meos,
1018 1154 1071 1214 sed
1103 1173 1155 1212 me

207 1253 312 1328 ipsum.
355 1250 436 1322 Quid
449 1253 528 1310 enim
542 1255 629 1311 sum?
671 1253 731 1312 Sed
751 1271 812 1311 non
831 1251 936 1312 faciam
955 1263 987 1311 ut
1003 1261 1052 1311 aut
1066 1261 1153 1310 tuum

208 1351 337 1409 animum
366 1369 473 1426 angam
500 1352 624 1427 querelis
651 1361 700 1410 aut
727 1352 800 1410 meis
834 1351 999 1410 volneribus
1034 1353 1152 1427 saepius

209 1466 313 1506 manus
327 1448 465 1507 adferam.
507 1447 586 1507 Nam
600 1450 681 1526 quod
700 1468 808 1526 purgas
829 1467 888 1521 eos,
904 1468 979 1526 quos
1001 1435 1057 1527 ego
1078 1449 1152 1506 mihi

209 1547 311 1623 scripsi
325 1548 468 1618 invidisse,
480 1558 508 1606 et
521 1549 553 1605 in
566 1549 607 1607 eis
622 1548 775 1621 Catonem,
790 1566 847 1626 ego
860 1567 930 1608 vero
944 1558 1056 1607 tantum
1069 1547 1150 1606 illum

208 1651 279 1717 puto
295 1643 332 1700 ab
345 1642 401 1701 isto
417 1643 523 1702 scelere
538 1641 653 1714 afuisse,
668 1653 700 1702 ut
713 1645 840 1702 maxime
861 1643 977 1702 doleam
991 1643 1057 1720 plus
1071 1641 1149 1718 apud

209 1758 256 1799 me
284 1740 497 1798 simulationem
524 1741 646 1799 aliorum
674 1761 763 1819 quam
794 1742 875 1802 istius
903 1741 991 1801 fidem
1018 1741 1145 1800 valuisse

210 1838 329 1897 Ceteros
354 1839 435 1914 quod
458 1857 573 1916 purgas,
593 1839 700 1898 debent
721 1841 792 1899 mihi
816 1841 929 1919 purgati
952 1858 1025 1911 esse,
1049 1839 1101 1897 tibi
1124 1838 1146 1896 si

209 1947 282 1996 sunt.
330 1957 356 2011 3.
379 1936 438 1996 Sed
457 1938 530 1996 haec
553 1956 617 1997 sero
642 1939 764 2014 agimus.
806 1939 904 1998 Crassi
923 1939 1056 1998 libertum
1079 1937 1146 1994 nihil

208 2046 280 2113 puto
309 2037 419 2096 sincere
449 2036 587 2096 locutum.
643 2037 679 2096 In
708 2048 809 2099 senatu
837 2057 899 2096 rem
926 2037 1019 2115 probe
1047 2036 1145 2095 scribis

208 2147 312 2195 actam.
355 2136 413 2195 Sed
427 2136 497 2214 quid
511 2135 620 2196 Curio?
649 2155 688 2194 an
702 2137 956 2195 illam-orationem
977 2153 1038 2194 non
1059 2134 1144 2210 legit?

208 2254 282 2312 quae
299 2235 377 2294 unde
396 2231 431 2294 sit
451 2235 564 2311 prolata
584 2235 694 2294 nescio.
751 2235 809 2294 Sed
827 2235 928 2308 Axius,
943 2233 1071 2292 eiusdem
1092 2233 1144 2291 diei

208 2335 336 2393 scribens
351 2334 449 2392 adme
465 2343 538 2404 acta,
553 2351 615 2391 non
629 2334 668 2391 ita
681 2332 778 2391 laudat
793 2331 959 2392 Curionem.
1001 2331 1040 2389 At
1052 2341 1144 2406 potest

207 2433 253 2490 ille
278 2432 385 2508 aliquid
409 2432 650 2510 praetermittere3
681 2441 720 2503 tu,
745 2432 800 2496 nisi
824 2431 904 2507 quod
928 2439 997 2501 erat,
1017 2429 1143 2506 proiecto

208 2548 269 2589 non
297 2530 441 2606 scripsisti.
498 2530 639 2589 Varronis
674 2547 771 2588 sermo
806 2529 874 2588 facit
902 2528 1144 2605 exspectationem

209 2627 351 2695 Caesaris,
366 2637 453 2703 atque
470 2629 581 2687 utinam
602 2628 664 2704 ipse
677 2627 772 2687 Varro
793 2629 942 2687 incumbat
962 2629 992 2686 in
1012 2628 1143 2686 causam!

208 2726 289 2803 quod
302 2725 433 2802 profecto
448 2745 515 2785 cum
529 2745 582 2786 sua
602 2737 716 2804 sponte,
730 2737 791 2788 tum
805 2736 834 2786 te
848 2727 971 2787 instante
985 2725 1078 2785 faciet.
1119 2745 1143 2796 4.

209 2826 284 2903 Ego,
299 2827 323 2885 si
337 2844 385 2884 me
400 2826 555 2902 aliquando
570 2827 655 2886 vestri
674 2836 703 2886 et
717 2827 824 2903 patriae
846 2835 1013 2902 compotem
1034 2823 1144 2882 fortuna

208 2925 316 2998 fecerit,
329 2934 405 2985 certe
420 2925 543 2984 efficiam
557 2935 588 2984 ut
602 2926 728 2986 maxime
742 2925 847 2984 laetere
864 2934 946 2983 unus¹
961 2942 998 2982 ex
1012 2924 1143 2981 omnibus

209 3023 319 3096 amicis,
355 3041 478 3099 meaque
512 3023 607 3084 officia
637 3034 665 3082 et
700 3024 802 3096 studia,
831 3041 905 3099 quae
933 3040 1036 3098 parum
1064 3033 1144 3080 antea

208 3122 534 3182 luxerunt-fatendum
561 3132 606 3182 est
633 3123 760 3193 enim-,
789 3123 831 3181 sic
857 3139 1007 3196 exsequar,
1036 3130 1067 3179 ut
1099 3139 1143 3178 me

209 3239 301 3297 aeque
315 3221 367 3278 tibi
381 3240 415 3281 ac
429 3219 507 3278 fratri
526 3231 553 3279 et
567 3221 663 3280 liberis
684 3220 789 3279 nostris
803 3221 965 3278 restitutum
984 3229 1076 3295 putes.
1115 3219 1143 3277 Si

209 3319 280 3396 quid
294 3319 324 3377 in
338 3328 365 3378 te
385 3320 511 3396 peccati,
534 3338 568 3378 ac
588 3320 684 3395 potius
705 3319 844 3394 quoniam
865 3318 990 3393 peccavi,
1012 3319 1141 3392 ignosce;

208 3420 240 3478 in
254 3437 301 3478 me
316 3419 393 3478 enim
407 3419 503 3496 ipsum
517 3418 636 3494 peccavi
650 3417 855 3476 vehementius.
898 3415 1003 3492 Neque
1023 3416 1093 3476 haec
1108 3433 1141 3474 eo
