2432 3844
242 227 284 293 62
517 241 555 292 Μ.
581 240 699 290 rotun
721 242 908 290 orounonrs
1070 229 1145 312 [rm
1160 242 1187 287 u.

242 397 454 474 gratissimique
488 408 517 456 et
550 398 605 476 ipsi
645 408 673 458 et
707 399 844 457 omnibus
880 397 1054 468 videremur,
1092 399 1185 472 itaque

242 495 389 556 faciemus
432 497 490 556 Sed
517 497 595 556 idem
623 497 729 556 Nerius
756 498 843 556 index
871 497 961 556 edidit
981 498 1020 556 ad
1043 498 1184 574 adligatos

242 594 297 653 Cn.
312 595 468 654 Lentulum
477 594 594 654 Vatiam
607 605 635 654 et
650 595 682 654 C.
695 596 881 655 Cornelium:
897 595 983 666 †ista
997 597 1032 654 ei.
1073 597 1183 655 Eodem

241 694 288 752 die
310 706 426 754 senatus
448 697 613 754 consultum
633 695 812 768 factumest,
833 706 864 754 ut
885 696 1052 755 sodalitates
1076 696 1183 755 decuri-

241 793 337 869 atique
365 793 553 865 discederent,
581 795 686 871 lexque
711 795 747 853 de
773 795 806 854 iis
835 794 961 866 ferretur,
989 804 1029 865 ut,
1054 796 1183 870 quinon

240 893 449 964 discessissent,
481 912 516 951 ea
543 912 649 970 poena,
682 912 756 970 qnae
791 903 835 952 est
869 894 905 952 de
936 893 972 964 vi,
1008 902 1181 952 tenerentur.

240 994 267 1050 6.
289 994 325 1051 A.
341 993 368 1051 d.
384 1011 424 1052 111.
445 992 514 1052 Idus
535 992 618 1051 Febr.
641 992 700 1051 dixi
720 1011 774 1068 pro
795 991 892 1051 Bestia
914 991 950 1050 de
971 993 1086 1050 ambitu
1109 991 1181 1067 apud

239 1101 403 1168 praetorem
424 1090 478 1149 Cn.
500 1090 662 1149 Domitium
685 1092 715 1148 in
743 1090 807 1149 foro
829 1091 936 1162 mediO,
958 1092 1093 1148 maximo
1116 1109 1180 1148 con-

237 1199 333 1260 ventu,
354 1189 499 1266 incidique
520 1190 549 1246 in
571 1207 639 1248 eum
658 1189 756 1248 locum
775 1189 805 1246 in
827 1189 959 1259 dicend0,
979 1207 1048 1246 cum
1073 1187 1178 1247 Sestius

238 1287 335 1345 multis
363 1288 394 1343 in
420 1287 529 1364 templo
551 1286 681 1346 Castoris
702 1288 866 1346 volneribus
894 1288 1020 1363 acceptis
1050 1288 1178 1346 subsidio

238 1386 352 1444 Bestiae
380 1395 506 1444 servatus
534 1395 618 1445 esset.
674 1386 732 1444 Hic
764 1390 1013 1462 προῳκονομησάμην
1040 1386 1177 1462 quiddam

238 1487 357 1559 εὐκαίρως
378 1485 414 1544 de
435 1485 476 1556 iis,
507 1485 633 1561 quaein
656 1483 780 1543 Ses'tium
808 1483 1021 1560 adparabantur
1049 1484 1174 1554 crimina,

238 1593 267 1641 et
295 1601 362 1641 eum
383 1585 482 1642 ornavi
503 1585 577 1642 veris
597 1583 738 1654 laudibus,
760 1600 868 1658 magno
891 1583 1017 1641 adsensu
1037 1584 1174 1642 omnium.

240 1681 300 1741 Res
322 1682 433 1741 homini
453 1682 505 1741 fuit
524 1683 708 1741 vehementer
728 1692 828 1758 grata:
850 1700 924 1758 quae
945 1683 995 1740 tibi
1017 1700 1053 1740 eo
1074 1683 1174 1746 scribo,

239 1780 318 1857 quod
332 1800 380 1839 me
395 1781 430 1840 de
444 1782 593 1859 retinenda
608 1781 692 1840 Sestii
711 1782 801 1856 gratia
817 1781 916 1839 litteris
931 1799 1016 1857 saepe
1031 1782 1172 1839 monuisti.

280 1893 307 1953 7.
327 1880 421 1939 Pridie
443 1881 512 1939 Idus
534 1880 617 1939 Febr.
638 1880 710 1938 haec
731 1881 831 1955 scripsi
853 1890 918 1938 ante
939 1880 1033 1938 lucem
1043 1901 1052 1952 3
1073 1899 1110 1938 eo
1131 1881 1172 1938 die

238 1979 316 2056 apud
327 1980 523 2056 Pomponium
538 1980 568 2036 in
582 1979 642 2037 eius
656 1979 762 2056 nuptiis
777 1997 856 2036 eram
871 1988 1031 2039 cenaturus.
1073 1978 1171 2038 Cetera

237 2080 347 2136 suntin
361 2080 447 2136 rebus
461 2079 566 2136 nostris
585 2077 669 2137 huius
686 2078 774 2148 modi,
792 2085 825 2135 ut
836 2088 866 2135 tu
880 2077 950 2135 mihi
964 2077 1022 2135 lere
1037 2077 1170 2136 diffidenn'

236 2178 432 2254 praedicabas,
448 2177 534 2253 plena
548 2175 693 2251 dignitatis
708 2187 736 2234 et
750 2177 875 2252 gratiae;
898 2194 971 2253 quae
986 2176 1100 2252 quidem
1115 2186 1169 2247 tua,

236 2278 277 2335 mi
297 2277 390 2348 frater,
412 2276 557 2352 patientia,
579 2276 687 2346 virtute,
708 2276 821 2350 pietate,
845 2277 981 2334 suavitate
1002 2276 1093 2346 etiam,
1122 2277 1168 2333 tibi

236 2376 365 2453 mihique
394 2385 459 2434 sunt
486 2375 622 2433 restituta.
665 2374 780 2432 Domus
801 2375 850 2432 tibi
875 2375 913 2432 ad
940 2374 1037 2432 lucum
1060 2374 1167 2432 Pisonis

237 2473 398 2533 Luciniana
419 2473 563 2532 conducta
580 2483 638 2545 est;
661 2473 720 2543 sed,
742 2481 773 2531 ut
794 2491 888 2548 spero,
907 2473 1007 2548 paucis
1027 2475 1167 2532 mensibus

236 2582 304 2648 post
318 2572 356 2630 K.
368 2571 511 2642 Quintiles
525 2572 555 2628 in
570 2582 648 2629 tuam
663 2572 875 2646 commigrabis.
911 2570 1008 2629 Tuam
1021 2571 1050 2628 in
1062 2570 1166 2630 Carinis

235 2670 337 2728 mundi
355 2670 529 2729 habitatores
544 2670 661 2729 Lamiae
682 2671 891 2729 conduxerunt.
932 2669 960 2728 A
975 2680 1002 2727 te
1016 2680 1081 2746 post
1093 2670 1165 2729 illam

236 2769 406 2829 Olbiensem
428 2768 579 2844 epistolam
607 2770 699 2828 nullas
723 2769 829 2828 litteras
854 2770 961 2844 accepi.
1004 2767 1080 2849 Quid
1098 2788 1164 2846 agas

235 2879 263 2928 et
277 2878 309 2927 ut
323 2877 351 2926 te
365 2868 501 2938 oblectes
517 2867 588 2926 scire
608 2869 693 2944 cupio
712 2869 896 2944 maximeque
915 2877 943 2926 te
964 2868 1057 2943 ipsum
1074 2869 1164 2927 videre

234 2986 323 3046 quam
335 2968 470 3044 primum.
513 2966 598 3039 Cura,
613 2968 653 3025 mi
674 2967 766 3038 frater,
781 2977 811 3026 ut
830 2965 927 3026 valeas
945 2977 981 3039 et,
996 2985 1162 3043 quamquam

117 3050 123 3058 ⁴
216 3077 277 3128 ,est
297 3066 398 3140 hiems,
418 3076 515 3126 tamen
537 3065 698 3126 Sardiniam
718 3067 803 3126 istam
824 3085 888 3126 esse
909 3066 1028 3142 cogites.
1066 3085 1109 3125 xv.
1126 3065 1160 3127 K

233 3164 360 3228 Martias.
