2432 3844
35 217 97 278 ap.
124 197 176 288 ra]
282 211 394 265 rrrsr.
416 213 467 261 AD
482 195 653 264 ‘arricum
670 217 710 268 rr.
734 221 784 288 19.
959 222 997 288 31

35 370 225 448 ‘dignitatis
257 373 322 443 ἅλις,
350 381 500 449 tamquam
529 375 622 448 apale:
657 373 749 444 saluti,
778 373 802 431 si
829 391 877 432 me
908 392 998 446 amas,

34 469 197 529 consule!
239 469 291 528 Me
317 472 474 530 misemml
502 490 553 530 cur
573 489 634 530 non
656 472 748 531 ades?
776 471 846 530 nihil
866 472 998 548 profecto

34 578 75 626 te
95 569 268 643 praeteriret
278 586 286 642 ;
308 587 365 644 ego
383 569 505 628 fortasse
524 574 666 644 τυφλώπω
685 579 714 628 et
732 570 854 628 nimium
873 577 908 647 τῷ
929 576 999 648 καλῷ

34 668 248 737 προπέπονθσ,
295 687 320 726 a.
342 667 420 727 Scito
440 668 510 726 nihil
530 686 671 744 umquam
691 668 781 728 fuisse
801 677 861 726 tam
881 668 999 739 infame,

33 775 116 822 tam
137 775 230 840 turpe,
251 774 311 823 tam
331 783 475 842 peraeque
494 766 630 824 omnibus
651 767 816 841 generibus,
839 766 999 837 ordinibus,

37 864 200 922 aetatibus
226 863 381 934 offensum,
407 883 495 940 quam
521 863 599 923 hunc
627 873 741 928 statum.
769 865 819 940 qui
843 882 921 925 nunc
946 874 998 937 est,

35 963 150 1038 magis
165 961 336 1033 mehercule,
348 981 437 1038 quam
450 962 561 1034 vellem,
575 979 635 1020 non
649 963 740 1022 modo
755 981 843 1039 quam
857 971 998 1038 putaram.

38 1060 216 1136 Populares
229 1061 276 1119 isti
289 1061 348 1118 iarn
361 1061 449 1118 etiam
467 1061 615 1119 modestos
632 1059 765 1120 homines
779 1061 893 1120 sibilare
908 1061 999 1120 docu-

39 1169 148 1216 erunt.
191 1157 312 1216 Bibulus
335 1160 366 1215 in
389 1158 470 1218 caelo
493 1169 545 1230 est,
567 1176 622 1217 nec
648 1178 706 1236 qua
729 1178 762 1218 re
786 1159 856 1230 scio,
885 1159 998 1220 sedita

38 1257 196 1327 laudatur,
218 1257 301 1333 quasi

242 1371 307 1418 Unus
322 1371 395 1419 homo
411 1372 475 1419 nobis
492 1372 621 1419 cunctando
637 1372 736 1419 restituit
751 1387 809 1420 rem.

41 1471 224 1548 Pompeius
245 1473 336 1531 nostri
356 1491 479 1544 amores,
502 1473 583 1550 quod
603 1473 674 1531 mihi
695 1490 811 1531 summo
833 1472 927 1532 dolori
944 1481 997 1544 est,

43 1571 118 1646 ipse
149 1589 181 1628 se
213 1570 341 1629 adflixit:
376 1571 524 1629 neminem
552 1580 631 1630 tenet
658 1571 822 1644 voluntate;
852 1589 889 1628 ne
917 1580 998 1630 metu

44 1687 176 1729 necesse
204 1671 240 1728 sit
266 1671 301 1728 iis
329 1671 378 1741 uti,
407 1689 514 1730 vereor.
556 1669 622 1746 Ego
650 1682 747 1730 autem
775 1688 871 1748 neque
895 1687 997 1746 pugno

46 1787 123 1826 cum
143 1768 191 1826 illa
212 1787 300 1829 causa
319 1779 438 1845 propter
456 1769 535 1827 illam
553 1769 717 1840 amicitiam,
738 1787 834 1844 neque
856 1770 997 1844 approbo,

46 1881 89 1920 ne
120 1864 220 1921 omnia
246 1865 419 1939 improbem,
448 1881 524 1940 quae
552 1873 638 1922 antea
664 1863 759 1940 gessi:
787 1873 852 1922 utor
873 1861 926 1921 via.
969 1881 997 1936 3.

48 1961 160 2038 Populi
180 1979 282 2023 sensus
302 1963 428 2020 maxime
449 1961 560 2021 theatro
581 1971 610 2020 et
634 1962 804 2038 spectaculis
828 1970 997 2037 perspectus

48 2070 115 2118 est:
138 2078 208 2118 nam
221 2061 427 2137 gladiatoribus
446 2079 503 2136 qua
525 2060 660 2118 dominus
679 2079 736 2136 qua
756 2059 887 2118 advocati
906 2059 997 2116 sibilis

49 2159 212 2230 conscissi;
247 2159 323 2217 ludis
357 2157 573 2234 Apollinaribus
607 2157 741 2234 Diphilus
774 2157 930 2232 tragoedus
965 2155 996 2212 in

49 2267 187 2316 nostrum
207 2255 380 2332 Pompeium
400 2256 561 2333 petulanter
581 2255 709 2313 invectus
730 2265 792 2313 est:

313 2371 399 2418 Nostra
417 2370 506 2418 miseria
523 2377 589 2420 tues
605 2383 734 2432 magnus-

50 2473 156 2531 millies
177 2481 295 2530 coactus
317 2482 360 2531 est
380 2471 475 2530 dicere
486 2489 495 2544 ;

127 2586 232 2634 Eandem
244 2588 353 2633 virtutem
371 2587 438 2632 istam
455 2586 531 2632 veniet
548 2594 638 2647 tempus
655 2598 708 2630 curn
725 2583 825 2648 graviter
841 2596 918 2646 gemes

50 2688 141 2747 totius
161 2686 263 2744 theatri
284 2685 410 2745 elamore
436 2686 506 2744 dixit
534 2686 660 2762 itemque
688 2693 791 2742 cetera.
834 2680 910 2739 Nam
932 2683 994 2740 eius

52 2787 133 2845 modi
154 2796 221 2844 sunt
241 2787 260 2842 ii
280 2803 387 2856 versus,
415 2786 456 2844 uti
477 2786 507 2843 in
527 2794 643 2860 tempus
664 2784 702 2842 ab
721 2783 840 2841 inimico
861 2781 993 2858 Pompeii

52 2885 152 2963 scripti
172 2903 236 2943 esse
256 2884 413 2943 videantur.

274 2999 296 3046 si
312 3013 385 3061 neque
401 2999 462 3062 leges
479 3012 552 3058 neque
568 3011 643 3043 mores
659 3005 777 3059 cogunt·-

54 3101 93 3159 Et
112 3111 207 3161 cetera
227 3117 337 3176 magno
365 3118 433 3158 curn
460 3098 576 3157 fremitu
603 3105 633 3155 et
659 3097 786 3155 clamore
814 3104 880 3154 sunt
907 3094 991 3152 dicta

56 3200 161 3260 Caesar
191 3217 258 3257 cum
287 3198 413 3256 venisset
440 3204 557 3254 mortuo
584 3195 695 3271 plausu,
728 3192 817 3252 Curio
844 3192 919 3251 filius
948 3202 994 3250 est

55 3299 218 3356 insecutus:
254 3297 320 3356 huic
352 3296 392 3354 ita
420 3295 553 3371 plausum
585 3302 636 3366 est,
657 3302 689 3351 ut
716 3292 794 3350 salva
817 3310 849 3349 re
876 3291 993 3366 publica

57 3396 194 3473 Pompeio
215 3395 314 3473 plaudi
335 3395 455 3454 solebat.
498 3393 577 3459 Tulit
595 3391 705 3452 Caesar
723 3390 861 3467 graviter:
883 3390 993 3447 litterae
