2432 3844
75 249 134 310 rep.
152 233 203 316 24]
286 243 398 292 rrrsr.
421 244 470 292 an
493 243 613 308 Qornr.
635 245 743 293 rm.
767 247 806 293 n.
827 253 859 312 4
993 233 1036 316 63

192 507 239 561 24.
283 501 341 560 AD
373 501 575 574 QUINTUM
606 501 809 559 FRATREM
837 503 878 561 11.
910 524 938 574 4.

236 617 301 676 Son.
324 616 434 676 Roman
454 637 548 676 umisa
571 617 694 677 Manno
715 636 800 677 nuc.
822 620 890 692 698.

292 742 407 783 mancus
427 742 537 791 oumro
558 743 667 783 ranam
686 743 830 782 sanu‘rnu.

132 859 156 898 r.
180 838 300 898 Sasrtus
320 848 420 899 noster
440 841 588 899 absolutus
610 851 653 899 est
673 860 699 899 a.
719 841 747 898 d.
765 859 793 898 v,
815 840 885 898 Idus
905 839 1034 912 Martias,

83 949 125 1010 et,
146 939 228 1015 quod
248 939 432 998 vehementer
451 939 578 998 interfuit
598 940 639 997 rei
658 940 800 1015 publicae,
818 939 926 996 nullam
945 940 1035 998 videri

82 1041 117 1096 in
132 1038 291 1096 eiusmodi
304 1057 393 1097 causa
412 1039 625 1096 dissensionem
647 1057 720 1110 esse,
735 1039 872 1096 omnibus
887 1039 1034 1097 sententiis

82 1136 238 1194 absolutus
259 1146 310 1194 est
354 1135 437 1204 lllud,
458 1136 539 1211 quod
559 1137 609 1193 tibi
630 1155 716 1194 curae
741 1154 830 1212 saepe
858 1154 923 1194 esse
950 1137 1034 1194 intel-

85 1231 225 1300 lexeram,
246 1231 347 1288 necui
367 1231 468 1306 iniquo
486 1231 713 1307 relinqueremus
732 1232 912 1308 vituperandi
927 1232 1034 1303 locum,

86 1330 139 1405 qui
167 1346 224 1386 nos
252 1329 380 1404 ingratos
408 1347 472 1388 esse
497 1330 612 1399 diceret,
636 1329 691 1389 nisi
716 1329 790 1388 illius
819 1330 1034 1405 perversitatem

86 1427 266 1504 quibusdam
286 1429 316 1484 in
336 1428 422 1484 rebus
443 1445 533 1503 quam
553 1427 763 1486 humanissime
787 1427 935 1498 ferremus,
961 1429 1034 1486 scito

86 1527 146 1585 hoc
178 1545 234 1584 nos
265 1527 296 1583 in
325 1544 361 1584 eo
392 1527 499 1584 iudicio
529 1536 704 1584 consecutos
735 1545 808 1597 esse,
840 1536 872 1584 ut
902 1528 1035 1585 omnium

86 1611 247 1700 gratissimi
262 1624 471 1697 iudicaremur;
494 1643 563 1682 nam
583 1624 767 1683 defendendo
785 1642 905 1683 moroso
924 1625 1035 1683 homini

87 1722 314 1781 cumulatissime
342 1723 411 1781 satis
439 1722 570 1794 fecimus,
599 1733 635 1794 et,
664 1723 693 1780 id
722 1722 802 1800 quod
830 1723 877 1782 ille
907 1725 1035 1782 maxime

87 1820 234 1896 cupiebat,
248 1820 406 1891 Vatinium,
422 1841 440 1879 a
456 1840 515 1898 quo
533 1821 629 1897 palam
649 1823 881 1898 oppugnabatur,
899 1824 1035 1881 arbitratu

87 1930 192 1979 nostro
208 1921 389 1979 concidimus
403 1921 448 1979 dis
456 1919 684 1997 'hominibusque
702 1917 912 1997 plaudentibus.
955 1920 1035 1992 Quin

87 2021 179 2077 etiam
201 2018 307 2076 Paulus
328 2029 427 2077 noster
450 2037 517 2077 eum
541 2020 620 2077 testis
640 2020 800 2094 productus
821 2028 898 2078 esset
917 2020 949 2076 in
969 2019 1035 2077 Ses-

88 2119 173 2187 tium,
195 2117 376 2176 confirmavit
397 2136 428 2176 se
449 2136 559 2176 nomen
573 2119 681 2176 Vatinii
699 2119 868 2188 delatumm,
889 2117 913 2175 si
934 2117 1036 2176 Macer

87 2215 219 2274 Licinius
233 2225 423 2287 cunctaretur,
439 2227 467 2273 et
482 2214 583 2273 Macer
597 2217 634 2272 ab
650 2215 735 2273 Sestii
754 2214 894 2273 subselliis
914 2216 1035 2273 surrexit

88 2333 125 2373 ac
157 2332 187 2372 se
218 2314 257 2372 illi
286 2332 347 2372 non
379 2314 543 2372 defuturum
573 2314 740 2372 adfirmavit.
791 2311 871 2383 Quid
898 2312 1035 2387 quaeris?

87 2415 181 2472 homo
209 2413 342 2488 petulans
370 2423 398 2471 et
426 2413 522 2470 audax
551 2407 711 2492 [Vatinius]
740 2410 823 2468 valde
851 2411 1034 2485 perturbatus

88 2511 309 2588 debilitatusque
331 2511 469 2569 discessit.
514 2530 540 2567 2.
563 2509 689 2582 Quintus
710 2519 785 2580 tuus,
805 2527 877 2584 puer
898 2509 1034 2585 optimus,

89 2609 218 2668 eruditur
236 2610 370 2684 egregie:
392 2607 449 2665 hoe
464 2626 540 2665 nune
555 2609 649 2683 magis
664 2609 794 2665 animum
808 2607 936 2677 advert0,
954 2606 1036 2682 quod

90 2707 242 2784 Tyrannio
265 2707 351 2765 docet
379 2707 457 2783 apud
486 2725 541 2764 me.
585 2707 698 2765 Domus
726 2707 874 2782 utriusque
903 2714 1035 2762 nostrum

91 2804 258 2865 aedificatur
275 2815 399 2864 strenue.
442 2804 633 2880 Redemptori
652 2815 703 2863 tuo
725 2804 877 2862 dimidium
895 2804 1037 2880 pecuniae

91 2905 195 2964 curavi.
238 2903 330 2982 Spero
345 2922 400 2962 nos
415 2913 482 2962 ante
497 2903 622 2961 hiemem
641 2902 863 2961 contubernales
877 2901 947 2960 fore.
989 2901 1036 2958 De

91 3012 190 3062 nostra
217 3002 322 3074 Tullia,
351 3003 391 3060 tui
419 3002 582 3060 mehercule
616 3003 822 3071 amantissima,
851 3018 937 3076 spero
968 3018 1036 3058 cum

93 3100 264 3176 Crassipede
293 3118 348 3158 nos
371 3099 539 3158 coniecisse.
584 3099 655 3157 Dies
684 3110 765 3158 erant
793 3099 861 3169 due,
890 3098 940 3173 qui
968 3108 1036 3173 post

91 3200 209 3258 Latinas
236 3199 380 3257 habentur
407 3199 532 3274 religiosi
544 3218 553 3270 3
587 3207 716 3256 ceterum
743 3197 910 3256 consectum
938 3195 1035 3255 Latiar

91 3308 157 3358 erat.
