2454 3842
218 260 279 346 136
494 274 530 322 u.
557 273 676 322 Turta
697 275 886 327 arcanorum
1031 265 1101 356 [rm
1119 284 1159 332 111.

215 425 339 492 ferendis
353 439 461 503 auctor,
476 431 522 490 ille
538 431 649 492 Galliae
663 431 804 493 ulterioris
818 434 977 507 adiunctor,
992 436 1040 496 ille
1059 458 1157 515 gener,

214 537 260 594 ille
283 535 314 592 in
338 532 506 607 adoptando
532 529 563 588 P.
587 529 693 589 Clodio
715 549 815 606 augur,
837 532 883 590 ille
907 536 1077 594 restituendi
1101 540 1156 596 mei

215 652 303 712 quam
316 629 457 690 retinendi
478 627 641 700 studiosior,
657 629 703 686 ille
723 631 888 705 provinciae
910 644 1098 710 propagator,
1113 636 1156 694 ille

214 733 341 792 absentis
355 731 386 788 in
400 731 535 788 omnibus
554 728 675 798 adiutor,
691 727 769 786 idem
787 730 874 786 etiam
893 731 976 790 tertio
996 735 1155 804 consulatu,

214 843 369 911 postquam
384 845 448 887 esse
466 827 601 886 defensor
620 827 660 885 rei
679 826 811 903 publicae
831 829 936 904 coepit,
951 832 1112 904 contendit,
1126 845 1155 890 ut

213 932 316 992 decem
330 928 437 988 tribuni
451 927 488 1003 pl.
503 926 616 996 ferrent,
632 933 663 983 ut
677 926 805 984 absentis
818 927 890 984 ratio
904 927 1065 1002 haberetur,
1076 933 1156 1008 quod

214 1032 291 1089 idem
312 1030 374 1104 ipse
396 1025 489 1084 sanxit
510 1023 575 1101 lege
599 1025 726 1100 quadam
748 1043 808 1095 sua,
830 1023 993 1104 Ma'rcoque
1015 1029 1156 1089 Marcello

213 1129 325 1190 consuli
344 1125 453 1184 finienti
472 1123 635 1199 provincias
650 1123 758 1184 Gallias
773 1123 972 1184 Kalendarum
987 1128 1156 1188 Martiarum

213 1230 259 1287 die
287 1225 405 1285 restitit:
435 1223 495 1293 sed,
518 1231 550 1280 ut
577 1221 650 1280 haec
677 1223 819 1296 omittam,
843 1226 912 1300 quid
941 1226 1063 1299 foedius,
1088 1229 1157 1304 quid

213 1325 405 1404 perturbatius
424 1323 483 1380 hoc
503 1321 540 1379 ab
561 1313 631 1379 urbe
654 1321 782 1381 discessu
802 1325 861 1382 sive
879 1328 976 1400 potins
992 1329 1157 1404 turpissima

213 1425 301 1501 fuga?
330 1439 404 1498 quae
432 1418 566 1479 condicio
590 1436 652 1476 non
678 1421 847 1496 accipienda
871 1423 923 1482 fuit
947 1426 1156 1505 potiusquam

212 1519 401 1598 relinquenda
421 1519 531 1595 patria?
552 1517 644 1576 malae
664 1519 852 1578 condiciones
870 1533 967 1596 erant3
990 1523 1090 1596 fateor,
1107 1527 1157 1584 sed

213 1640 283 1680 num
298 1619 438 1696 quidhoc
452 1617 554 1693 peius?
598 1635 623 1687 4.
643 1616 694 1674 ‘At
711 1620 892 1694 recuperabit
911 1640 972 1680 rem
992 1625 1156 1699 publicam?

213 1719 360 1792 Quando?
381 1726 430 1775 aut
449 1715 518 1791 quid
538 1715 576 1773 ad
594 1732 659 1772 eam
677 1731 761 1790 spem
781 1727 825 1776 est
843 1720 954 1793 parati?
996 1721 1068 1780 Non
1087 1743 1157 1800 ager

211 1820 335 1878 Picenus
356 1816 499 1876 amissus?
541 1813 612 1872 Non
630 1814 805 1889 patefactum
825 1818 877 1876 iter
896 1819 933 1878 ad
952 1821 1074 1880 urbem?
1095 1841 1157 1883 non

211 1919 335 1996 pecunia
355 1916 452 1975 omnis
473 1922 502 1971 et
522 1911 637 1987 publica
661 1922 690 1970 et
713 1914 822 1988 privata
846 1916 1008 1978 adversario
1033 1922 1157 1980 tradita?

211 2018 345 2093 Denique
366 2013 445 2073 nulla
465 2029 560 2082 causa,
580 2010 675 2070 nullae
696 2012 778 2084 vires,
798 2014 876 2074 nulla
898 2017 989 2089 sedes,
1005 2036 1065 2095 quo
1085 2039 1158 2079 con-

211 2126 325 2176 currant
336 2115 385 2192 qui
400 2098 461 2171 rem
475 2110 622 2187 publicam
638 2108 788 2169 defensam
801 2113 888 2172 velint
901 2135 907 2172 z
922 2114 1029 2191 Apulia
1044 2118 1159 2178 delecta

210 2226 262 2287 est,
282 2213 450 2273 inanissima
472 2227 539 2286 pars
559 2206 657 2266 Italiae
678 2218 707 2266 et
728 2211 765 2268 ab
786 2211 896 2287 impetu
917 2213 1001 2274 huius
1022 2216 1090 2274 belli
1114 2237 1159 2276 re-

210 2315 386 2384 motissima;
418 2309 491 2385 fuga
516 2318 544 2366 et
572 2307 715 2371 maritima
740 2311 943 2386 opportunitas
970 2313 1030 2371 visa
1056 2317 1159 2390 quaeri

210 2413 417 2489 desperatione.
461 2406 526 2476 †In
541 2416 568 2464 te
583 2408 647 2482 cepi
662 2405 803 2482 Capuam,
815 2427 877 2467 non
890 2428 950 2486 quo
965 2427 1074 2471 munus
1085 2413 1157 2472 illud

209 2509 385 2586 defugerem,
401 2507 453 2566 sed
468 2506 498 2564 in
512 2523 547 2562 ea
561 2522 656 2574 causa,
672 2504 701 2561 in
723 2521 781 2580 qua
802 2507 897 2566 nulius
912 2517 988 2567 esset
1007 2511 1159 2582 ordinum,

209 2607 302 2666 nullus
330 2615 445 2682 apertus
470 2604 645 2680 privatorum
669 2603 761 2673 dolor,
786 2605 932 2664 bonorum
957 2617 1055 2665 autem
1079 2619 1161 2667 esset

209 2706 319 2781 aliquis,
332 2705 384 2764 sed
397 2704 495 2773 hebes,
507 2711 538 2760 ut
553 2703 635 2772 solet,
650 2711 686 2772 et,
701 2711 732 2760 ut
745 2703 807 2778 ipse
823 2705 987 2775 sensissem,
999 2705 1160 2765 multitudo

207 2811 235 2860 et
258 2801 374 2860 infimus
399 2802 520 2878 quisque
544 2815 706 2876 propensus
728 2800 758 2857 in
783 2801 902 2859 alteram
924 2812 1045 2879 partem,
1069 2804 1159 2862 multi

207 2899 374 2958 mutationis
395 2916 491 2958 rerum
511 2896 616 2974 cupidi,
637 2897 697 2956 dixi
718 2898 774 2973 ipsi
794 2916 841 2956 me
862 2898 932 2956 nihil
951 2908 1161 2975 suscepturum

207 3000 270 3062 sine
297 2997 441 3074 praesidio
471 3006 499 3054 et
529 2997 590 3054 sine
620 2995 762 3072 pecunia;
793 3013 818 3070 5.
841 2997 939 3073 itaque
967 2997 1055 3056 habui
1086 2999 1162 3071 nihil¹

208 3099 329 3156 omnino
350 3096 468 3172 negotii,
486 3096 567 3172 quod
588 3096 625 3153 ab
645 3095 726 3153 initio
748 3095 805 3153 vidi
826 3095 895 3153 nihil
917 3097 1016 3171 quaeri
1040 3108 1163 3173 praeter

207 3195 322 3270 fugam:
337 3213 403 3252 eam
418 3194 442 3252 si
456 3212 534 3253 nune
549 3209 662 3268 sequor,
675 3195 824 3268 quonam?
866 3193 943 3254 Cum
957 3194 1005 3253 illo
1020 3212 1102 3268 non3
1121 3197 1163 3254 ad

208 3312 296 3370 quem
325 3311 392 3352 cum
420 3305 516 3350 essem
541 3291 695 3366 profectus,
720 3292 845 3366 cognovi
870 3292 900 3348 in
925 3291 959 3351 iis
987 3290 1061 3351 loeis
1090 3311 1163 3352 esse

206 3390 373 3460 Caesarem,
388 3399 419 3447 ut
439 3398 501 3447 tuto
522 3389 674 3446 Luceriam
692 3390 788 3447 venire
808 3406 870 3446 non
882 3406 1010 3464 possem.
1054 3390 1162 3450 Infero

208 3488 282 3545 mari
294 3487 389 3556 nobis,
404 3486 513 3542 incerto
529 3501 622 3554 cursu,
636 3484 731 3542 hieme
746 3486 873 3544 maxima
887 3487 1087 3562 navigandum
1103 3500 1161 3548 est.
