2436 3836
207 221 269 288 274
477 220 514 268 u.
542 219 660 267 rurrn
682 217 874 266 creunonrs
1073 206 1163 289 [raet

205 371 259 432 sibi
278 389 344 430 cum
359 370 401 430 M.
417 370 530 448 Lepido
552 370 714 430 convenire.
755 369 984 428 Succlamatum
1008 381 1067 429 est
1090 373 1119 429 ei
1132 370 1168 426 ire-

204 481 325 546 quenter
346 489 364 528 a
384 471 521 529 militibus
540 469 833 529 Ventidianis-nam
862 485 935 525 suos
963 470 1066 527 valde
1095 486 1167 544 quar.

205 586 316 644 paucos
340 568 476 640 habet-,
498 568 552 626 sibi
578 577 626 626 aut
650 569 680 625 in
699 567 782 625 Italia
804 567 999 642 pereundum
1028 585 1108 626 esse
1133 579 1166 622 ar:

205 665 398 738 vincendum;
421 676 449 724 et
469 683 551 724 orare
573 674 740 740 coeperunt,
754 673 786 722 ut
807 663 991 721 Pollentiam
1016 665 1083 722 iter
1106 664 1167 721 saee-

205 771 276 820 rent.
320 761 396 821 Cum
418 763 557 822 sustinere
579 780 630 820 eos
651 781 713 821 non
734 771 842 837 posset,
856 762 887 818 in
902 771 1077 836 posterum
1102 764 1166 820 dien

206 860 258 918 iter
272 879 358 920 suum
372 861 500 920 contulit.
544 879 571 932 4.
594 859 660 918 Hac
676 879 706 918 re
719 859 790 917 mihi
804 859 939 916 nuntiata
958 862 1079 918 statim
1093 863 1165 938 quin·

206 978 263 1036 que
283 959 417 1019 cohortes
431 958 604 1018 Pollentiam
623 958 758 1036 praemisi
780 975 938 1032 meumque
956 959 1020 1016 iter
1040 979 1087 1018 eo
1107 978 1165 1018 cou-

206 1056 273 1114 tuli:
296 1056 368 1114 hora
388 1065 454 1114 ante
475 1057 650 1132 praesidium
671 1072 770 1112 meum
783 1053 957 1111 Pollentiam
971 1058 1065 1114 venit
1085 1074 1164 1132 quau

207 1155 367 1213 Trebellius
389 1172 456 1213 cum
477 1154 629 1230 equitibus.
674 1153 750 1211 Sane
771 1171 860 1228 quam
881 1171 947 1210 sum
969 1157 1162 1230 gavisus3in

206 1252 262 1311 hoc
284 1254 361 1311 enim
378 1253 526 1311 victoriam
548 1262 619 1328 puto
641 1254 806 1310 consistere.
848 1251 883 1309 In
906 1269 995 1326 spem
1014 1269 1161 1321 venerant

207 1351 286 1426 quod
300 1369 395 1428 neque
409 1350 508 1409 Planci
523 1360 658 1427 quattuor
670 1351 801 1426 legiones
820 1351 961 1408 omnibus
983 1355 1054 1412 suis
1077 1356 1161 1432 copiis

206 1466 290 1524 pares
304 1449 514 1507 arbitrabantur
525 1467 620 1525 neque
635 1467 672 1506 ex
684 1448 765 1507 Italia
779 1457 840 1505 tam
854 1448 986 1526 celeriter
998 1455 1160 1511 exercitum

206 1546 295 1604 traiici
309 1563 396 1620 posse
411 1546 574 1604 credebant
619 1545 705 1617 Quos
715 1547 770 1622 ipsi
785 1545 879 1604 adhuc
894 1547 964 1605 satis
980 1549 1160 1626 adroganter

207 1644 382 1719 Allobroges
404 1644 605 1720 equitatusque
627 1645 733 1715 omnis
749 1644 797 1721 qui
813 1661 849 1702 eo
864 1646 1051 1720 praemissus
1074 1659 1160 1706 erata

207 1743 300 1812 nobis,
326 1741 514 1813 sustinebant,
540 1751 700 1817 nostroque
728 1743 853 1800 adventu
882 1743 1019 1802 sustineri
1053 1747 1159 1804 facilius

207 1859 294 1918 posse
316 1841 496 1899 confidimus
538 1841 663 1910 Tamen,
678 1841 775 1915 siquo
796 1841 882 1898 etiam
904 1859 974 1899 casu
990 1842 1113 1902 Isaram
1134 1864 1158 1902 se

207 1940 376 2009 traiecerint,
391 1957 428 1996 ne
446 1939 527 2015 quod
548 1939 752 1997 detrimentum
773 1939 814 1996 rei
835 1939 969 2014 publicae
993 1941 1156 2020 iniungant.

207 2058 321 2098 summa
336 2058 352 2097 a
367 2039 451 2097 nobis
467 2039 580 2096 dabitur
594 2056 690 2113 opera.
734 2051 761 2111 5.
782 2036 846 2094 Vos
861 2055 1005 2112 magnum
1026 2044 1156 2100 animum

207 2139 406 2214 optimamque
428 2155 511 2212 spem
530 2137 566 2194 de
588 2154 745 2194 summare
760 2135 875 2211 publica
888 2135 997 2195 habere
1013 2141 1154 2210 volumus,

207 2255 275 2297 cum
306 2247 334 2294 et
362 2254 417 2294 nos
446 2245 474 2294 et
501 2235 644 2294 exercitus
679 2243 795 2293 nostros
830 2233 967 2308 singulari
997 2242 1155 2298 concordia

208 2337 379 2396 coniunctos
408 2335 444 2393 ad
473 2336 572 2392 omnia
597 2351 650 2409 pro
673 2334 754 2391 vobis
777 2333 896 2390 videatis
925 2343 1054 2407 paratos.
1102 2339 1153 2398 Sed

206 2447 304 2494 tamen
321 2434 389 2491 nihil
408 2434 445 2491 de
468 2432 613 2508 diligentia
634 2432 776 2490 remittere
798 2430 908 2488 debetis
930 2430 1062 2508 dareque
1086 2455 1151 2513 ope-

207 2553 277 2604 ram,
294 2545 324 2591 ut
338 2550 427 2608 quam
441 2531 613 2606 paratissimi
628 2540 657 2588 et
670 2531 707 2587 ab
725 2529 852 2588 exercitu
870 2528 1048 2604 reliquisque
1070 2537 1150 2592 rebus

208 2650 261 2708 pro
280 2642 375 2690 vestra
396 2629 487 2688 salute
509 2639 609 2688 contra
630 2627 880 2686 sceleratissimam
904 2627 1148 2703 conspirationem

208 2729 335 2788 hostium
360 2728 570 2804 confligamus;
593 2726 781 2802 quiquidem
803 2743 852 2783 eas
877 2725 987 2799 copias,
1009 2745 1083 2802 quas
1105 2733 1147 2789 diu

209 2829 389 2887 simulatione
413 2829 454 2886 rei
478 2828 609 2903 publicae
631 2827 848 2902 comparabant,
868 2823 963 2882 subito
985 2825 1022 2883 ad
1043 2831 1146 2902 patriae

208 2926 367 3004 periculum
382 2936 589 2988 converterunt.
