2432 3844
230 283 268 350 18
482 301 521 352 Μ.
546 299 665 349 ronan
686 299 873 349 crearemus
1064 287 1135 376 [aaa
1155 303 1172 350 1.

225 445 437 530 commoverit3'
468 475 592 534 quorum
620 457 739 518 Catulus
767 475 834 517 cum
862 457 979 518 vidisset
1007 459 1171 537 quendam,

225 554 314 630 ‘quid
327 554 398 615 vos'
420 556 511 632 inquit
532 557 725 632 ‘praesidium
740 573 757 614 a
778 557 863 616 nobis
884 558 1101 633 postulabatis?
1130 577 1170 616 an

222 671 261 711 ne
275 653 387 711 nummi
400 655 481 713 vobis
496 655 671 731 eriperentur
694 651 864 734 [timebatis]
877 656 905 713 l'
948 658 975 714 6.
1005 656 1120 729 Habes,
1136 667 1168 714 ut

222 750 388 810 brevissime
415 754 505 830 potui,
533 771 626 829 genus
650 753 745 811 iudicii
769 763 798 811 et
821 771 940 812 causam
962 756 1167 815 absolutionis.

222 842 345 918 Quaeris
360 849 505 926 deinceps,
520 851 569 927 qui
583 867 661 910 nunc
682 851 718 909 sit
732 859 822 912 status
836 869 931 910 rerum
952 861 980 910 et
995 854 1044 930 qui
1060 871 1165 912 meus:

221 946 407 1022 reipublicae
431 959 537 1007 statum
564 949 651 1019 illum,
681 967 768 1026 quem
796 959 828 1007 tu
854 967 922 1008 meo
947 952 1080 1023 consili0,
1107 970 1165 1028 ego

221 1041 317 1099 divino
347 1041 548 1101 confirmatum
581 1043 728 1118 putabam,
763 1044 813 1118 qui
848 1045 993 1104 bonorum
1027 1046 1164 1104 omnium

221 1139 425 1198 coniunctione
439 1152 467 1200 et
481 1143 648 1201 auctoritate
662 1141 828 1200 consulatus
846 1142 904 1199 mei
919 1143 993 1201 fixus
1014 1153 1043 1202 et
1057 1143 1162 1202 funda-

219 1244 265 1293 tus
280 1236 436 1310 videbatur,
451 1241 506 1299 nisi
520 1241 584 1316 quis
598 1257 655 1298 nos
676 1239 747 1297 deus
761 1241 926 1314 respexerit,
941 1241 1073 1318 elapsum
1087 1245 1160 1301 scito

220 1347 284 1391 esse
302 1335 342 1403 de
355 1339 490 1397 manibus
503 1355 563 1397 uno
577 1339 634 1397 hoc
649 1337 764 1407 indicio,
779 1337 803 1394 si
817 1338 954 1398 iudicium
975 1349 1027 1412 est,
1042 1341 1159 1416 triginta

219 1428 352 1492 homines
366 1435 466 1512 populi
482 1436 609 1495 Romani
627 1435 788 1494 levissimos
807 1453 841 1494 ac
860 1437 1054 1512 nequissimos
1073 1457 1158 1497 num-

219 1529 304 1588 mulis
319 1535 445 1612 acceptis
459 1536 503 1594 ius
518 1553 552 1594 ac
565 1535 609 1594 fas
623 1552 710 1594 omne
724 1535 818 1592 delere
833 1543 868 1607 et,
884 1536 964 1612 quod
978 1554 1082 1595 omnes
1096 1555 1156 1596 non

218 1627 308 1686 modo
322 1629 463 1704 homines,
478 1651 577 1692 verum
598 1633 684 1693 etiam
698 1632 825 1709 pecudes
839 1632 948 1692 factum
969 1652 1033 1694 esse
1055 1635 1154 1705 sciant,

218 1723 248 1782 id
272 1725 417 1788 Thalnam
441 1741 469 1790 et
491 1731 624 1790 Plautum
646 1741 675 1790 et
701 1730 862 1807 Spongiam
885 1741 913 1790 et
937 1745 1048 1792 ceteras
1070 1734 1152 1793 huius

217 1824 298 1881 modi
312 1828 479 1904 quisquilias
494 1838 618 1887 statuere
631 1846 792 1903 numquam
807 1845 871 1887 esse
885 1828 1001 1888 factum.
1047 1844 1073 1906 7.
1096 1831 1151 1890 Sed

215 1930 323 1994 tamen,
338 1933 370 1982 ut
384 1934 412 1983 te
427 1922 464 1984 de
478 1945 508 1984 re
527 1926 642 2002 publica
655 1926 800 1996 consoler,
814 1945 875 1984 non
895 1927 943 1999 ita,
957 1938 990 1986 ut
1004 1939 1151 2005 sperarunt

216 2019 292 2092 mali,
307 2031 387 2082 tanto
408 2025 545 2102 imposito
567 2025 607 2082 rei
626 2023 758 2102 publicae
772 2024 887 2083 volnere
909 2025 1010 2084 alacris
1031 2029 1150 2087 exsultat

215 2118 382 2200 improbitas
407 2125 437 2180 in
459 2124 592 2195 victoria,
625 2141 694 2181 nam
718 2123 804 2200 plane
827 2124 866 2181 ita
886 2135 1064 2200 putaverunt,
1084 2145 1147 2185 cum

214 2219 323 2295 religio,
338 2239 405 2279 cum
419 2221 564 2297 pudicitia,
580 2239 646 2281 cnm
666 2222 837 2280 iudiciorum
857 2221 938 2292 fides,
954 2241 1020 2281 cum
1035 2235 1146 2284 senatus

215 2320 368 2380 auctoritas
389 2321 573 2392 concidisset,
594 2315 657 2378 fore
677 2330 709 2378 ut
729 2328 828 2395 aperte
849 2319 948 2378 victrix
969 2323 1095 2397 nequitia
1113 2342 1144 2382 ac

193 2488 195 2492 Α
213 2416 302 2476 libido
316 2437 428 2494 poenas
442 2421 479 2478 ab
494 2420 605 2496 optimo
619 2435 737 2494 quoque
751 2427 861 2493 peteret
875 2417 919 2478 sui
933 2418 1048 2491 doloris,
1062 2439 1145 2496 quem

213 2513 430 2590 improbissimo
450 2518 553 2593 cuique
576 2517 718 2574 inusserat
737 2515 871 2575 severitas
894 2516 1060 2576 consulatus
1083 2519 1143 2576 mei.

216 2613 242 2671 8.
284 2610 369 2671 Idem
403 2631 459 2689 ego
489 2615 638 2674 ille—non
665 2613 744 2671 enim
770 2613 841 2671 mihi
867 2615 966 2673 videor
993 2615 1144 2674 insolenter

211 2710 334 2786 gloriari,
358 2729 425 2769 cum
451 2713 487 2770 de
511 2729 559 2771 me
584 2710 663 2788 apud
687 2720 715 2769 te
737 2711 850 2787 loquor,
870 2713 901 2770 in
925 2730 960 2771 ea
981 2713 1142 2790 praesertim

212 2810 342 2886 epistola,
354 2828 442 2886 quam
457 2810 526 2869 nolo
542 2810 603 2868 aliis
617 2809 802 2886 legi-idem,
813 2811 942 2887 inquam,
953 2829 1010 2887 ego
1024 2813 1141 2871 recreavi

211 2907 343 2967 adflictos
365 2909 479 2967 animos
501 2909 655 2980 bonorum,
678 2925 770 2966 unum
795 2925 940 2986 quemque
962 2909 1140 2980 confirmans,

210 3008 358 3080 excitans3
396 3007 572 3066 insectandis
599 3024 668 3065 vero
704 3006 944 3083 exagitandisque
979 3009 1139 3067 nummariis

209 3105 350 3166 iudicibus
372 3123 491 3164 omnem
507 3105 644 3163 omnibus
666 3103 803 3163 studiosis
824 3123 858 3163 ac
880 3104 1048 3176 fautoribus,
1070 3105 1139 3164 illius

209 3204 342 3263 victoriae
363 3204 505 3278 παρρησίαν
521 3203 621 3280 eripui,
636 3200 773 3262 Pisonem
795 3202 945 3261 consulem
966 3202 1044 3262 nulla
1062 3203 1091 3261 in
1109 3223 1139 3261 re

209 3301 366 3362 consistere
388 3319 527 3381 umquam
550 3319 614 3359 snm
636 3317 748 3375 passus,
764 3297 942 3375 desponsam
962 3300 1071 3358 homini
1083 3301 1137 3359 iam

208 3400 321 3480 Syriam
344 3399 448 3472 ademi,
474 3408 606 3458 senatum
631 3396 667 3455 ad
686 3397 837 3472 pristinam
862 3415 945 3456 suam
966 3399 1136 3456 severitatem

206 3497 338 3560 revocavi
360 3507 447 3576 atque
471 3497 615 3556 abiectum
639 3495 772 3576 excitavi,
798 3494 936 3555 Clodium
962 3506 1135 3574 praesentem
