2452 3842
238 198 300 280 ²3⁶
509 211 547 260 Μ.
573 213 692 262 ruaarr
715 215 902 263 crosnoivrs
1066 201 1123 284 [ns
1144 215 1161 259 i.
1200 253 1201 270 ,

236 369 299 428 urbi
313 377 342 427 et
356 369 417 427 otio
435 369 593 428 diffiderem
609 371 721 429 urbano
735 391 743 444 ;
766 371 871 430 sedita
891 389 1072 447 compressa
1084 390 1121 427 res
1131 381 1165 433 est,

236 479 268 527 ut
282 468 352 525 mibi
367 467 515 526 videamur
533 486 623 526 omne
640 470 697 527 iam
719 470 756 528 ad
770 479 886 546 tempus
908 471 950 527 ab
973 471 1025 528 illo
1047 469 1166 526 dumtaxat
1190 454 1195 547 l

237 567 437 626 sordidissimo
452 567 581 642 periculo
596 569 648 626 tuti
663 569 757 627 tumri.
799 569 924 645 Reliqua
946 589 1064 645 magna
1081 577 1167 626 suntac

236 667 333 738 multa,
358 666 411 724 sed
434 667 530 741 posita
552 668 652 725 omnia
677 668 707 724 in
726 667 824 726 vobis:
854 686 1048 744 quamquam
1072 666 1168 742 primum
1193 614 1197 712 l

237 765 365 840 quidque
383 765 571 840 explicemus.
614 763 702 836 Nam,
717 775 748 822 ut
768 765 862 823 adbuc
878 765 1008 841 quidem
1030 777 1120 822 actum
1135 773 1169 818 est
1195 721 1198 856 l

237 881 297 920 non
321 880 422 937 regn0,
446 863 498 920 sed
522 881 590 937 rege
616 863 727 920 liberati
749 863 879 921 videmur
890 883 898 936 ;
930 863 1092 921 interfecto
1114 859 1170 918 enim

237 979 306 1036 rege
320 960 416 1035 regios
438 961 534 1018 omnis
552 967 638 1018 nutus
655 971 776 1018 tuemur.
819 960 924 1036 Neque
939 980 1018 1019 vero
1042 961 1073 1018 id
1093 958 1171 1021 solun,

238 1060 291 1118 sed
311 1059 405 1128 etiam,
423 1075 498 1133 quae
519 1058 581 1134 ipse
603 1059 656 1129 ille,
677 1060 700 1115 si
722 1059 834 1129 viveret,
855 1077 916 1116 non
938 1058 1066 1130 faceret,
1087 1076 1118 1116 ea
1135 1070 1172 1111 nos

238 1160 321 1234 quasi
343 1158 468 1233 cogitata
493 1159 529 1214 ab
551 1157 599 1215 illo
620 1159 788 1233 probamus.
831 1155 894 1214 Nec
920 1159 988 1216 eius
1013 1157 1129 1232 quidem
1146 1152 1173 1208 rei

238 1255 326 1313 finem
346 1257 448 1314 video:
469 1256 584 1314 tabulae
606 1255 751 1330 figuntur;
774 1255 973 1312 immunitates
1000 1255 1108 1312 dantur
1115 1273 1121 1325 ;
1139 1268 1173 1326 pe·

238 1355 341 1413 cuniae
355 1357 499 1413 maximae
519 1351 712 1413 discribuntiir
722 1373 730 1424 ;
752 1353 867 1412 exsules
885 1354 1093 1423 reducuntur;
1114 1367 1174 1408 sena·

237 1463 283 1511 tus
309 1454 441 1511 consulta
465 1453 537 1512 falsa
561 1453 743 1511 referuntur:
777 1463 808 1510 ut
833 1462 945 1510 tantum
972 1453 1072 1510 modo
1097 1449 1172 1507 odium

237 1551 306 1608 illud
330 1551 456 1610 hominis
485 1552 590 1627 impuri
619 1561 648 1608 et
675 1552 819 1609 servitutis
847 1551 932 1609 dolor
957 1551 1104 1627 depulsus
1129 1561 1174 1603 esse

238 1648 374 1720 videatur,
389 1668 435 1707 res
450 1649 566 1724 publica
580 1649 672 1706 iaceat
686 1649 716 1705 in
731 1649 765 1706 iis
780 1649 1062 1724 perturbationibus
1079 1648 1107 1704 in
1120 1659 1172 1720 quas

238 1765 303 1805 eam
317 1747 363 1805 ille
378 1748 510 1806 coniecit.
555 1767 579 1804 2.
603 1746 687 1804 Haec
702 1747 802 1804 omnia
816 1748 898 1805 vobis
914 1756 984 1806 sunt
999 1742 1174 1822 expedienda

238 1866 293 1905 nec
316 1847 372 1905 hoc
395 1845 593 1921 cogitandum,
616 1846 685 1903 satis
709 1845 766 1901 iam
788 1844 895 1903 habere
920 1864 984 1903 rem
1006 1845 1173 1922 publicana

238 1946 338 2004 vobis:
358 1946 445 2003 habet
459 1944 506 2002 illa
517 1944 635 2020 quidem
650 1952 772 2013 tantum,
785 1955 927 2018 quantum
941 1962 1109 2021 numquam
1123 1937 1175 1996 mihi

238 2047 268 2104 in
282 2056 410 2104 mentem
425 2043 502 2113 venit
516 2051 625 2118 optare,
642 2042 695 2100 sed
710 2051 846 2100 contenta
861 2041 922 2101 nob
937 2053 982 2102 est
997 2054 1028 2102 et
1044 2061 1099 2120 pro
1112 2056 1174 2110 mag·

239 2143 368 2202 nitudine
382 2153 411 2200 et
425 2141 513 2199 animi
527 2150 555 2198 et
569 2140 702 2198 beneficii
717 2141 802 2196 vestri
818 2159 835 2197 a
849 2141 931 2200 vobis
946 2161 1062 2216 magna
1083 2135 1175 2198 deside·

238 2252 282 2300 rat
296 2241 399 2300 adhuc.
441 2238 510 2296 Ulta
525 2257 592 2296 suas
606 2239 724 2296 iniurias
739 2249 782 2297 est
796 2258 848 2314 per
859 2257 912 2297 vos
927 2241 1048 2298 interitu
1064 2232 1173 2315 tyranni}

240 2341 309 2398 nihil
330 2339 469 2415 amplius:
492 2347 665 2394 ornamenta
681 2355 749 2394 vero
772 2355 825 2394 sua
846 2355 920 2413 quae
941 2335 1132 2413 reciperavit?
1150 2347 1175 2388 an

240 2439 320 2515 quod
341 2439 367 2496 ei
388 2445 503 2494 mortuo
527 2445 616 2510 paret,
640 2453 727 2510 quem
749 2435 844 2492 vivum
867 2434 941 2492 ferre
966 2453 1030 2493 non
1060 2428 1174 2512 poteratl

240 2540 322 2596 cuius
348 2553 414 2595 aera
436 2534 558 2608 refigere
583 2533 771 2602 debebamus,
795 2534 856 2591 eius
885 2534 972 2591 etiam
997 2527 1176 2608 chirographa

241 2635 441 2695 defendimus?
484 2633 542 2690 ‘At
555 2633 633 2690 enim
645 2631 683 2688 ita
698 2631 895 2690 decrevimus?
936 2633 1077 2692 Fecimus
1092 2631 1120 2689 id
1130 2624 1174 2704 qui·

241 2733 309 2792 dem
322 2733 502 2809 temporibus
516 2731 661 2801 cedentes,
678 2747 752 2804 quae
766 2730 861 2788 valent
877 2731 907 2788 in
927 2749 958 2788 re
972 2731 1094 2806 publica
1108 2724 1175 2804 pluri-

241 2850 339 2904 mum;
362 2831 413 2890 sed
428 2828 618 2888 immoderate
634 2828 752 2904 quidem
767 2838 795 2886 et
809 2829 921 2904 ingrate
940 2838 1041 2891 nostra
1060 2827 1174 2888 facilitate

241 2930 406 2988 abutuntur.
447 2927 558 2985 Verum
571 2925 644 2983 haec
658 2926 829 3002 propediem
846 2937 875 2984 et
889 2926 979 2984 multa
997 2927 1057 2984 alia
1079 2937 1175 2984 coram:

241 3029 354 3087 interim
369 3028 454 3085 velim
477 3027 518 3084 sic
539 3025 590 3082 tibi
610 3024 793 3100 persuadeas,
809 3025 880 3082 mihi
902 3043 969 3083 cum
990 3026 1033 3082 rei
1049 3024 1173 3102 publicae.

242 3144 330 3204 quam
345 3143 461 3200 semper
475 3125 562 3183 habui
577 3123 764 3194 carissimam,
780 3133 841 3180 tum
862 3123 970 3181 amoris
989 3126 1087 3183 nostri
1106 3133 1174 3181 causa

242 3225 386 3284 maximae
410 3240 495 3280 curae
520 3241 584 3282 esse
609 3231 688 3280 tuam
715 3221 892 3296 dignitatem.
935 3220 983 3278 Da
1007 3239 1135 3298 operam,
1152 3225 1172 3273 11¹

241 3323 344 3382 valeas
387 3316 494 3398 [Vale]
