2454 3842
59 295 104 355 ep.
122 275 179 364 35]
238 291 349 342 nezer.
372 291 422 339 aa
443 289 666 340 rimaranes
690 289 768 340 νιιι.
792 274 821 338 6.
943 291 1000 338 101

58 440 112 498 tibi
135 439 172 498 de
193 448 253 499 tota
272 458 303 498 re
324 449 407 502 esset.
449 439 545 511 Nune,
568 440 591 500 si
611 439 649 500 ad
669 439 747 498 illam
767 456 911 498 summam
931 440 1002 500 veri-

59 549 152 597 tatem
179 537 338 614 legitimum
363 539 407 598 ius
440 539 579 616 exegeris,
609 537 768 598 cavendum
799 538 850 596 tibi
881 538 933 596 erit
966 557 1003 598 ne

60 655 167 712 parum
195 637 358 713 simpliciter
381 646 410 700 et
438 637 559 696 candide
587 636 750 713 deposuisse
778 635 940 696 inimicitias
962 637 1002 696 vi·

61 735 166 793 dearis.
208 735 244 796 ln
267 735 343 795 hanc
367 745 479 814 partem
502 753 589 812 porro
613 745 706 796 tutum
730 734 781 792 tibi
805 734 864 804 erit,
888 734 1003 812 siquid

61 830 193 903 iolueris
211 833 378 909 gratificari3
404 852 491 893 nemo
508 834 585 894 enim
605 832 813 892 necessitudine
832 841 860 891 et
879 833 1003 892 amicitia

60 941 91 988 te
110 931 275 990 deterritum
295 933 333 992 ab
351 932 447 992 officio
466 932 549 994 dicet.
592 931 667 1002 Illud
685 930 757 990 mihi
774 930 904 1002 occurrit,
923 929 1002 1007 quod

60 1031 136 1088 inter
156 1031 380 1106 postulationem
400 1039 429 1090 et
448 1031 575 1092 nominis
593 1030 767 1090 delationem
785 1047 859 1088 uxor
876 1047 895 1088 a
912 1028 1001 1088 Dola·

61 1128 140 1186 bella
155 1129 294 1188 discessit.
338 1148 363 1188 a.
386 1129 465 1202 Quid
485 1129 556 1189 mibi
583 1128 736 1188 discedens
763 1127 915 1199 mandaris,
940 1145 1001 1186 rne-

60 1226 150 1300 mini3
163 1227 242 1304 ,quid
262 1245 319 1305 ego
340 1229 390 1287 tibi
412 1228 580 1304 scripserim,
601 1237 630 1286 te
650 1244 712 1286 non
732 1227 852 1286 arbitror
872 1225 1001 1286 oblitum.

61 1323 93 1383 N
94 1342 136 1383 on
149 1336 192 1384 est
205 1327 263 1386 iam
276 1336 390 1403 tempus
405 1327 486 1403 plura
503 1326 646 1389 narrandi.
687 1325 787 1384 Unum
800 1325 870 1385 illud
883 1343 1002 1386 mouere

61 1434 92 1482 te
115 1441 252 1499 possum:
276 1427 299 1484 si
319 1443 365 1484 res
387 1426 438 1484 tibi
460 1443 522 1484 non
542 1423 710 1500 displicebit,
732 1433 829 1487 tatum
851 1424 908 1486 hoc
929 1433 1002 1488 tem·

62 1539 137 1598 pore
156 1523 225 1580 nihil
244 1523 280 1582 de
299 1532 348 1581 tua
366 1523 513 1582 voluntate
533 1521 678 1593 ostendas,
697 1530 727 1580 ct
744 1532 895 1599 exspectes
914 1541 1001 1599 quem

61 1621 100 1678 ad
129 1621 250 1680 modurn
279 1631 363 1681 exeat
392 1640 428 1679 ex
458 1621 513 1678 bac
541 1637 643 1692 causa;
676 1620 801 1695 denique
830 1620 1001 1680 invidiosum

60 1719 115 1776 tibi
143 1719 186 1791 sit,
215 1721 239 1779 si
267 1720 405 1779 emanarit
412 1739 420 1792 ;
452 1737 549 1796 porro,
577 1720 607 1775 si
637 1717 806 1793 significatio
834 1718 891 1778 ulla
917 1720 1001 1778 inter·

62 1818 187 1889 cesserit
208 1819 318 1889 clarius,
336 1836 424 1895 quam
445 1818 546 1877 deccat
567 1826 616 1874 aut
636 1816 778 1892 expediat,
798 1817 854 1876 fiat.
897 1816 1001 1894 Neque

61 1915 109 1974 ille
130 1925 223 1976 tacere
244 1935 309 1978 eam
330 1935 392 1978 rem
412 1915 523 1992 poterit,
543 1932 617 1994 quae
640 1932 707 1978 suae
730 1915 793 1992 spei
814 1924 873 1977 tam
893 1933 1002 1992 oppor-

61 2024 133 2073 tuna
159 2015 294 2076 acciderit
324 2033 456 2092 quaeque
488 2015 518 2072 in
551 2013 669 2089 negotio
702 2013 885 2072 conficiendo
919 2022 1000 2071 tauto

61 2113 195 2173 illustrior
215 2114 284 2186 erit;
310 2131 377 2172 cum
397 2113 563 2192 praesertim
585 2112 609 2172 is
630 2113 674 2183 sit,
689 2111 747 2187 qui,
762 2112 786 2170 si
806 2110 1000 2188 perniciosum

61 2212 147 2274 sciret
174 2231 237 2274 esse
264 2212 344 2290 loqui
371 2212 407 2273 de
434 2211 489 2272 hac
513 2230 553 2282 re,
574 2211 621 2268 vix
648 2219 746 2268 tamen
774 2227 805 2268 se
832 2209 999 2268 contineret.

62 2331 91 2386 3.
112 2310 270 2389 Pompeius
288 2311 392 2371 dicitur
411 2310 494 2371 valde
515 2326 568 2386 pro
588 2309 686 2386 Appio
707 2307 846 2378 laborare,
864 2317 896 2364 ut
914 2307 1001 2366 etiam

60 2418 165 2486 putent
182 2395 301 2468 alter'um
319 2419 414 2467 utrum
428 2408 465 2467 de
484 2407 547 2466 filiis
567 2406 604 2466 ad
622 2415 651 2464 te
668 2405 830 2464 missurum.
873 2404 931 2464 Hic
945 2424 1001 2466 nos

61 2527 166 2570 omnes
188 2509 362 2569 absolvimus
369 2528 378 2582 ;
408 2518 437 2568 et
459 2507 589 2566 hercules
613 2515 771 2582 consaepta
795 2505 894 2564 omnia
915 2505 1001 2566 foeda

61 2618 90 2666 et
117 2607 272 2667 inhonesta
299 2617 373 2666 sunt.
426 2605 569 2666 Consules
596 2615 693 2665 autem
720 2603 859 2663 habemus
887 2621 1001 2664 summa

62 2705 225 2783 diligentia;
248 2705 342 2766 adhuc
358 2713 475 2778 senatus
489 2703 654 2763 consultum
672 2702 727 2762 nisi
745 2701 781 2760 de
795 2701 872 2762 lbriis
890 2699 1001 2761 Latinis

61 2805 173 2864 nullum
186 2803 281 2864 iacere
298 2811 462 2881 potuerunt.
497 2801 617 2862 Curioni
636 2811 736 2862 nostro
754 2801 913 2860 tribunatus
932 2818 1000 2860 con-

60 2904 174 2980 glaciat.
215 2921 243 2976 4.
265 2901 323 2962 Sed
348 2902 404 2961 dici
424 2920 485 2962 non
505 2910 617 2977 potest,
633 2918 693 2978 quo
717 2899 808 2960 modo
834 2899 881 2958 bic
902 2900 1000 2960 omnia

61 3004 189 3062 iaceant:
212 3001 266 3060 nisi
287 3018 343 3076 ego
364 3017 432 3059 cum
452 3000 620 3060 tabernariis
639 3007 667 3057 et
686 2991 809 3074 aquariis
829 3015 998 3073 pugnarem,

60 3109 194 3160 veternus
219 3099 362 3159 civitatem
383 3108 562 3176 occupasset.
605 3097 634 3156 Si
658 3095 754 3156 Parthi
776 3114 828 3155 vos
852 3095 921 3156 nihil
943 3097 1000 3159 cal·

60 3199 169 3267 ficiunt,
191 3215 246 3258 nos
266 3217 320 3256 nen
340 3196 409 3258 nihil
430 3196 534 3274 frigore
555 3195 731 3272 rigescimus.
782 3193 905 3266 Tamen,
927 3213 999 3271 quo-

60 3315 121 3374 quo
140 3297 230 3356 modo
250 3296 351 3372 potuit,
370 3296 431 3356 sine
451 3294 562 3356 Parthis
581 3293 700 3354 Bibulus
718 3294 749 3352 in
766 3292 882 3352 Amano
900 3295 998 3354 nescio

58 3395 130 3473 quid
165 3393 404 3454 cohorticularum
436 3394 538 3454 amisit.
580 3393 649 3454 Hoc
679 3393 721 3452 sic
752 3393 914 3453 nuntiatum
946 3401 997 3451 est.

60 3510 86 3574 5.
110 3493 202 3570 Quod
222 3493 273 3553 tibi
294 3511 380 3570 supra
404 3494 504 3571 scripsi
525 3490 682 3553 Curionem
702 3490 784 3552 valde
808 3491 918 3568 frigere,
940 3490 998 3548 iam
