2452 3842
52 289 144 350 raso,
160 277 216 360 aa]
273 290 388 340 nnrsr.
411 291 649 342 anarrinon
667 293 717 343 rr.
741 299 771 363 9.
937 279 994 342 181

53 438 137 498 derat.
182 437 313 499 Omnino
334 441 406 500 haec
429 443 534 501 eodem
559 443 650 502 modo
676 463 712 502 ex
733 443 789 505 hac
810 451 891 520 parte
916 445 997 516 fiunt,

51 538 104 594 nisi
118 539 201 614 quod
217 539 288 598 illud
305 551 365 599 erat
384 540 528 599 infinitum
538 561 546 614 ;
568 559 672 602 omnes
693 543 780 613 enim,
800 543 850 618 qui
869 544 901 600 in
914 542 997 602 Italia

50 646 224 708 manserant,
239 637 367 697 hostium
381 657 503 697 numero
517 640 707 699 habebantur.
752 639 810 699 Sed
825 639 910 698 velim
924 640 997 700 haee

50 735 205 810 aliquando
230 735 365 795 solutiore
390 738 497 796 animo.
542 751 568 812 7.
591 736 735 809 Quintum
763 738 882 797 fratrem
910 739 997 797 audio
1020 763 1022 766 ·

49 832 213 908 profectum
227 834 257 891 in
273 834 382 906 Asiam,
397 845 429 893 ut
444 836 664 912 deprecaretur;
686 836 723 895 de
735 836 793 896 filio
807 837 878 894 nihil
892 837 997 897 audivi.

49 929 109 987 Sed
124 949 230 1007 quaere
248 950 284 989 ex
298 931 453 1004 Diochare,
468 932 601 993 Caesaris
621 934 733 1005 liberto,
748 953 837 1011 quem
856 952 913 1010 ego
935 951 997 992 non

49 1029 117 1100 vidi,
146 1030 196 1104 qui
224 1030 293 1088 istas
321 1030 520 1090 Alexandreas
548 1031 656 1090 litteras
687 1032 787 1092 attulit.
832 1033 863 1091 Is
896 1033 999 1090 dicitur

47 1127 155 1186 vidisse
172 1124 236 1207 [an]
252 1137 378 1200 euntem,
393 1147 431 1186 an
445 1129 504 1187 iam
518 1130 549 1187 in
562 1130 643 1188 Asia.
683 1131 767 1189 Tuas
780 1130 896 1202 litteras,
911 1141 999 1206 prout

47 1243 97 1284 res
113 1226 250 1301 postulat,
271 1237 427 1303 exspecto;
449 1245 522 1303 quas
542 1229 630 1286 velim
655 1246 739 1288 cures
761 1247 850 1305 quam
873 1229 999 1305 primum
1089 1294 1092 1299 ⁴

48 1325 90 1383 ad
104 1342 152 1382 me
166 1323 359 1400 perferendas.
403 1344 454 1383 1111.
470 1326 508 1384 K.
524 1324 679 1385 Decembr.

285 1483 331 1540 81.
374 1481 771 1561 noATT1cun1xr.9.

72 1597 140 1657 Scn.
163 1596 315 1656 Bnuumsu
336 1619 363 1658 n.
377 1618 405 1656 n.
428 1617 470 1657 111.
492 1598 595 1658 Nouns
616 1595 777 1660 Innunnrns
799 1621 884 1662 auc.
908 1615 923 1676 7
950 1617 977 1677 7.

372 1727 475 1768 menno
494 1727 601 1768 arrico
622 1728 683 1768 sni.

95 1844 119 1881 1.
140 1822 205 1882 Eoo
228 1841 297 1882 vero
320 1833 349 1883 et
372 1825 496 1896 incaute,
518 1835 550 1884 ut
574 1825 683 1897 scribis,
706 1835 736 1884 et
757 1826 887 1899 celerius,
909 1845 999 1904 quarn

44 1923 189 2000 oportuit,
203 1923 259 1984 feci
273 1941 328 1983 nec
341 1925 372 1981 in
385 1923 443 1982 ulla
459 1943 525 1983 sum
546 1942 606 2000 spe,
621 1925 729 2000 quippe
751 1926 801 2001 qui
820 1927 1000 2003 exceptioni-

43 2026 106 2082 bus
131 2022 293 2081 edictorum
317 2023 460 2096 retinear;
491 2041 566 2099 quae
592 2024 617 2080 si
641 2040 703 2082 non
727 2033 825 2082 essent
849 2023 1000 2083 sedulitate

43 2121 172 2181 effectae
193 2129 221 2179 et
242 2121 443 2180 benevolentia
463 2133 521 2192 tua,
540 2122 639 2180 liceret
660 2120 730 2179 mihi
749 2122 828 2180 abire
848 2122 880 2180 in
901 2122 1001 2180 solitu·

43 2222 134 2280 dines
149 2218 277 2295 aliquas:
299 2238 378 2278 nunc
395 2238 432 2278 ne
446 2220 476 2279 id
490 2219 609 2296 quidem
624 2220 698 2278 licet.
741 2219 822 2293 Quid
838 2229 936 2279 autem
950 2239 999 2280 me

44 2322 137 2388 iuvat,
157 2317 237 2392 quod
259 2327 326 2376 ante
347 2318 450 2376 initum
469 2318 645 2376 tribunatum
660 2318 733 2388 veni,
749 2319 772 2376 si
792 2319 898 2395 ipsum,
918 2318 999 2394 quod

42 2417 126 2486 veni,
140 2415 210 2474 nihil
224 2416 320 2476 iuvat?
342 2417 399 2475 iam
411 2417 481 2492 quid
497 2434 612 2491 sperem
626 2416 664 2473 ab
678 2432 724 2487 eo,
736 2417 785 2492 qui
799 2415 871 2473 mihi
885 2416 998 2474 amicus

42 2532 213 2590 numquam
231 2515 292 2586 fuit,
308 2533 376 2574 cum
395 2515 453 2573 iam
468 2515 533 2590 lege
553 2515 640 2572 etiam
659 2515 714 2572 sim
731 2513 882 2572 confectus
898 2523 928 2572 et
946 2531 999 2590 op-

41 2615 190 2693 pressus?
212 2613 333 2688 quotidie
354 2614 413 2671 iam
432 2613 517 2672 Balbi
538 2612 576 2671 ad
596 2631 645 2670 me
664 2612 774 2670 litterae
793 2611 1000 2688 languidiores

41 2712 218 2787 multaeque
234 2712 393 2770 multorum
412 2712 449 2770 ad
464 2710 553 2780 illurn,
568 2710 691 2770 fortasse
710 2718 812 2769 contra
828 2727 885 2768 me.
928 2709 999 2769 Meo
1060 2717 1063 2725 “

41 2813 119 2871 vitio
142 2829 248 2887 pereo;
272 2811 343 2870 nihil
363 2810 435 2870 mihi
456 2811 525 2869 mali
546 2829 632 2870 casus
653 2809 763 2881 attulit;
793 2810 893 2868 omnia
914 2810 1001 2886 culpa

41 2919 201 2972 contracta
228 2918 303 2968 sunt.
353 2908 420 2984 Ego
450 2909 537 2978 enim,
563 2926 631 2967 cum
653 2926 746 2984 genus
770 2907 839 2966 belli
863 2908 1000 2981 viderem,

39 3014 193 3086 imparata
207 3018 235 3067 et
249 3007 363 3066 infirma
380 3008 480 3066 omnia
497 3016 599 3066 contra
613 3005 819 3082 paratissimos,
835 3015 1002 3078 statueram,

39 3107 122 3185 quid
136 3106 271 3177 facerem,
286 3123 480 3182 ceperamque
499 3104 653 3162 consilium
670 3120 731 3161 non
748 3112 808 3188 tam
823 3101 896 3162 iorte
911 3121 1000 3180 quarn

39 3205 123 3267 mihi
145 3215 260 3281 praeter
281 3215 394 3262 ceteros
421 3201 654 3262 concedendum.
699 3220 725 3260 a.
749 3200 833 3261 Cessi
861 3203 935 3260 meis
956 3204 1001 3261 vel

38 3305 150 3386 potius
169 3303 260 3380 parui,
280 3321 316 3361 ex
335 3303 441 3379 quibus
459 3319 534 3360 unus
552 3318 611 3377 qua
631 3310 730 3359 mente
751 3300 844 3373 fuerit,
864 3301 897 3372 is,
912 3319 1000 3378 quem

39 3419 79 3466 tu
100 3402 175 3461 mihi
194 3401 393 3472 commendas,
408 3417 573 3476 cognosces
592 3417 629 3458 ex
643 3399 733 3476 ipsius
747 3401 855 3472 litteris,
870 3418 943 3477 quas
962 3398 1001 3457 ad

39 3516 76 3565 te
96 3511 129 3561 et
148 3499 186 3560 ad
205 3500 276 3558 alios
293 3498 378 3569 misit,
393 3515 466 3575 quas
484 3516 540 3574 ego
560 3515 722 3574 numquam
743 3499 930 3576 aperuissem,
945 3496 1000 3556 nisi
