2454 3842
209 226 250 294 74
479 226 518 278 rr.
544 226 662 280 rurrrr
683 227 873 276 nicanorus
1035 213 1107 297 [rats
1122 230 1154 276 u.

207 385 358 452 exspecto,
375 376 446 452 quid
467 386 543 454 agat.
585 377 661 437 Illud
681 373 800 453 quidem
821 393 930 436 sumus
944 375 1051 452 adepti,
1073 378 1155 454 quod

208 475 305 536 multis
320 485 348 534 et
361 477 476 552 magnis
490 476 601 536 iudiciis
612 494 769 552 possumus
783 475 909 535 iudicare
924 492 980 534 nos
992 475 1113 536 Caesari
1125 487 1155 534 et

208 575 373 636 carissimos
384 586 412 634 et
422 577 647 637 iucundissimos
657 595 729 636 esse.
762 575 937 651 Dionysium
946 576 1033 634 velim
1045 577 1153 636 salvere

209 675 308 734 iubeas
329 687 443 736 etcum
461 695 548 753 roges
570 687 598 736 et
614 677 737 747 hortere,
752 686 783 734 ut
801 694 890 751 quam
907 675 1035 751 primurn
1048 675 1151 744 veniat,

209 784 240 832 ut
255 775 347 851 possit
356 773 530 833 Ciceronem
545 792 643 833 meum
657 783 744 850 atquc
758 774 845 834 etiam
858 773 1015 849 meipsum
1030 772 1151 832 erudire.

420 959 468 1016 29.
509 955 567 1014 AD
588 953 838 1015 FAMILIARES
860 955 884 1013 I.
908 975 935 1032 9.

269 1071 334 1131 Sca.
357 1070 467 1132 Rours
487 1091 581 1130 uuusn
601 1072 736 1132 Ocromu
756 1091 892 1132 sxnuura
912 1089 997 1131 nuc.
1021 1085 1090 1147 700.

413 1196 444 1235 u.
465 1196 568 1238 crosno
588 1197 610 1238 s
631 1197 661 1238 n.
682 1198 707 1237 r.
729 1197 865 1238 nauruno
886 1197 946 1237 rur.

252 1308 278 1347 1.
299 1289 508 1351 Psnrucuums
528 1293 598 1352 mihi
619 1293 734 1354 fuerunt
754 1294 863 1352 litterae
884 1302 959 1365 tuae,
978 1293 1086 1369 quibus
1107 1294 1150 1352 in-

207 1389 302 1448 tellexi
326 1399 354 1447 te
378 1393 541 1468 perspicere
563 1411 659 1453 meam
684 1394 714 1452 in
739 1403 767 1452 te
791 1394 947 1470 pietatem:
977 1393 1049 1469 quid
1071 1394 1150 1450 enim

209 1488 304 1546 dicam
327 1490 567 1563 benevolentiam,
590 1510 658 1550 cum
682 1492 752 1550 illud
773 1492 871 1567 ipsum
893 1492 1098 1568 gravissimum
1122 1501 1150 1548 et

209 1586 422 1645 sanctissimum
450 1607 560 1648 nomen
587 1590 701 1666 pietatis
728 1591 818 1648 levius
845 1590 916 1649 mihi
943 1590 1052 1648 meritis
1079 1608 1150 1666 erga

207 1701 256 1741 me
283 1685 339 1744 tuis
371 1703 435 1745 esse
461 1687 610 1747 videatur?
651 1687 742 1760 Quod
770 1697 867 1747 autem
894 1688 945 1747 tibi
973 1699 1056 1764 grata
1082 1706 1149 1746 mea

209 1801 278 1860 erga
298 1793 326 1842 te
351 1786 443 1844 studia
466 1786 565 1845 scribis
588 1805 661 1858 esse,
681 1787 751 1846 facis
775 1797 807 1846 tu
829 1787 946 1864 quidem
970 1787 1149 1846 abundantia

208 1884 335 1960 quadam
357 1886 472 1957 amoris,
497 1895 528 1944 ut
552 1887 639 1944 etiam
663 1897 745 1963 grata
772 1888 829 1946 sint
853 1905 896 1959 ea,
925 1905 1000 1964 quae
1021 1896 1147 1962 praeter-

207 1982 281 2042 mitti
296 1984 356 2042 sine
371 1982 481 2043 nefario
499 1985 605 2043 scelere
623 2003 685 2043 non
704 1977 846 2061 possunt;
866 1985 918 2044 tibi
936 1996 1034 2044 autem
1055 1983 1147 2042 multo

208 2083 303 2142 notior
322 2093 408 2159 atque
429 2083 561 2143 illustrior
581 2102 664 2142 meus
691 2085 721 2142 in
748 2093 776 2142 te
800 2085 914 2143 animus
939 2093 1022 2156 esset,
1045 2085 1070 2142 si
1089 2083 1147 2141 hoc

208 2190 340 2256 tempore
362 2182 452 2254 omni,
475 2200 534 2258 quo
558 2183 676 2242 diiuncti
698 2183 812 2255 fuimus,
838 2191 867 2242 et
890 2201 950 2242 una
977 2191 1006 2240 et
1031 2181 1147 2240 Romae

207 2279 368 2339 fuissemus.
414 2301 439 2344 a.
461 2279 540 2339 Nam
568 2281 597 2338 in
618 2299 654 2339 eo
675 2282 748 2358 ipsc,
770 2281 851 2357 quod
878 2291 906 2340 te
930 2280 1061 2340 ostendis
1082 2298 1147 2340 esse

207 2379 349 2439 facturum
370 2379 507 2457 quodque
528 2389 558 2438 et
577 2381 607 2437 in
628 2379 728 2456 primis
748 2391 833 2455 potes
854 2388 882 2438 et
902 2397 958 2455 ego
976 2397 994 2437 a
1011 2389 1040 2438 te
1062 2378 1148 2437 vehe-

207 2487 320 2536 menter
347 2489 492 2554 exspecto‚
520 2479 551 2535 in
581 2478 729 2538 sententiis
761 2478 912 2537 senatoriis
946 2487 975 2536 et
1008 2477 1038 2534 in
1067 2477 1147 2535 omni

207 2576 320 2635 actione
341 2585 428 2651 atque
449 2576 695 2636 administratione
715 2577 755 2634 rei
776 2577 908 2652 publicae
929 2576 1148 2634 floruissemus:

207 2673 243 2730 de
257 2691 315 2749 qua
329 2674 481 2732 ostendam
495 2675 632 2750 equidem
647 2676 733 2751 paulo
748 2685 822 2753 post,
834 2675 883 2751 qui
899 2674 933 2733 sit
946 2692 1030 2732 meus
1045 2692 1149 2732 sensus

207 2781 235 2830 et
249 2779 348 2842 statuS,
363 2781 392 2830 et
405 2773 561 2831 rescribam
576 2773 626 2832 tibi
645 2773 683 2831 ad
701 2792 744 2844 ea,
759 2791 834 2850 quae
849 2773 962 2850 quaeris
974 2793 982 2846 ;
1004 2773 1057 2830 sed
1071 2783 1149 2832 certe

206 2880 234 2928 et
255 2887 312 2944 ego
332 2879 360 2930 te
382 2882 498 2930 auctore
519 2871 694 2931 amicissimo
714 2890 748 2930 ac
770 2871 981 2948 sapientissimo
1001 2880 1030 2928 et
1048 2879 1081 2929 tu
1100 2889 1149 2929 me

206 2969 368 3027 consiliario
392 2969 514 3029 fortasse
534 2989 596 3028 non
622 2970 846 3047 imperitissimo,
871 2969 948 3028 fideli
972 2970 1092 3047 quidem
1120 2979 1149 3028 e't

205 3067 348 3127 benevolo
375 3077 460 3139 certe,
488 3086 557 3128 usus
585 3086 926 3145 esses:-quamquam
952 3078 1002 3126 tua
1029 3067 1148 3146 quidem

206 3184 293 3225 causa
315 3176 343 3226 te
366 3185 430 3227 esse
457 3168 661 3244 imperatorem
688 3169 925 3245 provinciamque
953 3169 1030 3226 bene
1057 3170 1148 3244 gestis
1185 3221 1189 3230 .

205 3267 292 3324 rebus
313 3285 380 3325 cum
402 3268 528 3325 exercitu
548 3267 656 3326 victore
675 3268 815 3338 obtinere,
830 3276 862 3325 ut
881 3266 983 3337 debeo,
998 3265 1090 3324 laetor
1098 3284 1148 3324 :—

206 3364 259 3422 sed
273 3373 348 3422 certe
360 3364 409 3439 qui
423 3364 472 3421 tibi
488 3382 524 3421 ex
539 3381 586 3421 me
603 3363 711 3422 fructus
726 3364 874 3435 debentur,
889 3381 940 3422 eos
955 3362 1103 3421 uberiores
1117 3373 1147 3422 et

205 3465 415 3541 praesentiores
442 3479 580 3539 praesens
608 3479 711 3536 capere
738 3463 891 3538 potuisses.
944 3463 980 3521 In
1008 3462 1049 3522 eis
1076 3481 1146 3523 vero
