2452 3842
214 243 275 306 166
482 257 521 306 u.
547 257 666 307 rurrrr
687 255 876 306 crcrnorvrs
1024 239 1091 322 [rats
1106 253 1149 300 ru.

211 414 290 472 Nam
300 413 380 491 quod
394 433 481 493 rogas
495 427 527 474 ut
540 417 692 492 respiciam
706 427 846 492 generum
860 431 967 483 meum,
981 411 1148 472 adulescen-

212 524 272 573 tem
288 516 430 593 optimum
450 517 576 592 mihique
595 517 783 584 carissimum,
800 531 839 573 an
858 513 981 582 dubitas,
998 511 1049 588 qui
1069 511 1147 577 scias

212 614 312 688 quanti
333 632 401 673 cum
420 615 500 672 illum
519 624 582 672 tum
598 632 667 674 vero
682 613 811 672 Tulliam
831 629 927 670 meam
948 609 1063 678 faciam,
1081 609 1149 684 quin

212 731 248 770 ea
266 731 315 771 me
336 731 403 772 cura
417 713 668 772 vehementissime
688 711 838 771 sollicitet?
859 719 888 768 et
902 727 938 768 eo
952 709 1055 783 magis,
1071 707 1149 784 quod

211 811 242 867 in
266 813 471 871 communibus
494 813 617 871 miseriis
641 812 696 870 hac
717 821 815 869 tamen
837 808 1003 868 oblectabar
1025 807 1150 883 specula,

211 910 393 970 Dolabellam
407 929 505 969 meum
515 910 560 968 vel
572 911 668 987 potius
682 919 815 968 nostrum
825 906 888 966 fore
903 907 939 965 ab
953 906 987 964 iis
1002 905 1150 974 molestiis,

211 1027 285 1084 quas
295 1007 461 1068 liberalitate
476 1027 528 1068 sua
542 1019 733 1079 contraxerat,
744 1008 874 1065 liberum.
912 1005 1009 1063 Velim
1020 1023 1149 1080 quaeras,

212 1126 287 1184 quos
301 1108 424 1166 ille'dies
439 1107 613 1179 sustinuerit,
628 1108 658 1165 in
672 1109 742 1165 urbe
762 1107 832 1164 dum
846 1104 907 1176 luit,
922 1122 1012 1179 quam
1031 1105 1152 1162 acerbos

213 1207 276 1277 sibi,
300 1224 390 1282 quam
416 1205 487 1264 mihi
510 1207 566 1282 ipsi
591 1223 694 1265 socero
721 1223 783 1263 non
807 1203 956 1262 honestos.
999 1203 1027 1259 6.
1050 1203 1151 1277 Itaque

212 1323 307 1381 neque
328 1322 385 1380 ego
402 1305 479 1363 hunc
499 1303 726 1381 Hispaniensem
747 1320 849 1362 casum
869 1310 1018 1376 exspecto,
1038 1301 1152 1376 dequo

212 1403 283 1461 mihi
304 1403 484 1480 exploratum
505 1412 549 1462 est
569 1403 608 1460 ita
628 1421 702 1472 esse,
721 1411 753 1459 ut
772 1412 804 1459 tu
825 1401 932 1471 scribis,
954 1417 1051 1474 neque
1074 1399 1153 1475 quic-

213 1519 301 1578 quam
320 1511 413 1560 astute
432 1502 546 1578 cogito:
568 1501 730 1577 siquando
750 1501 803 1558 erit
822 1500 931 1570 civitas,
945 1499 999 1556 erit
1019 1496 1152 1574 prolecto

212 1596 298 1654 nobis
311 1596 409 1668 locus;
431 1597 586 1654 sinautem
601 1613 661 1654 non
676 1596 735 1667 erit,
750 1595 780 1652 in
799 1593 917 1652 easdem
936 1592 1109 1651 solitudines
1122 1601 1154 1650 tu
1217 1645 1218 1664 ,

212 1696 283 1770 ipse,
297 1704 329 1752 ut
348 1695 476 1766 arbitror,
491 1695 598 1766 venies,
613 1694 643 1751 in
658 1694 763 1771 quibus
781 1711 836 1751 nos
854 1691 1023 1751 consedisse
1041 1690 1153 1748 audies

215 1793 274 1852 Sed
293 1810 349 1870 ego
363 1787 485 1853 fortasse
501 1794 640 1852 vaticinor
658 1802 687 1850 et
704 1792 776 1850 haec
795 1792 895 1850 omnia
913 1789 1048 1849 meliores
1063 1789 1154 1848 habe·

213 1894 286 1951 bunt
312 1892 424 1951 exitus:
455 1891 591 1950 recordor
618 1891 695 1950 eninr
723 1891 939 1967 desperationes
967 1907 1079 1960 corum,
1104 1891 1156 1965 qui

214 2009 300 2049 senes
314 2000 396 2049 erant
410 1990 594 2050 adulescente
608 2007 672 2062 me;
694 2008 746 2048 eos
760 2007 817 2066 ego
827 1989 949 2049 fortasse
963 2006 1042 2046 nunc
1056 1989 1157 2047 imitor

213 2101 242 2148 et
255 2099 321 2148 utor
335 2090 436 2149 aetatis
450 2091 526 2148 vitio.
570 2103 596 2164 7.
611 2090 707 2149 Velim
725 2090 765 2148 ita
784 2091 827 2150 sit.
871 2089 929 2148 Sed
947 2091 1063 2148 tamenl
1087 2131 1095 2148 .
1116 2135 1123 2148 .
1146 2135 1154 2147 .

213 2198 313 2264 togam
341 2198 519 2263 praetextam
549 2188 608 2247 texi
635 2187 734 2264 Oppio
759 2198 831 2266 puto
857 2198 886 2248 te
913 2189 1046 2260 audisse;
1084 2207 1155 2247 nam

214 2285 331 2346 Curtius
345 2296 443 2345 noster
456 2285 613 2362 dibaphum
635 2288 751 2363 cogitat,
767 2286 820 2345 sed
838 2305 906 2346 eum
920 2286 1043 2346 infector
1057 2305 1157 2346 mora-

213 2395 266 2444 tur.
310 2383 379 2443 Hoc
407 2383 544 2460 adspersi,
568 2395 600 2442 ut
627 2384 714 2442 scires
742 2402 790 2442 rne
817 2393 914 2442 tamen
942 2384 972 2441 in
999 2385 1158 2443 stomacho

216 2484 308 2543 solere
322 2483 435 2542 ridere·
465 2481 510 2540 De
524 2481 685 2552 Dolabella,
700 2481 780 2559 quod
798 2482 906 2558 scripsi,
920 2481 1031 2540 suadeo
1045 2483 1157 2552 videas,

120 2651 121 2659 ἵ
214 2594 362 2658 tamquam
383 2582 407 2639 si
427 2590 477 2640 tua
500 2599 546 2639 res
569 2591 680 2656 agatur.
722 2579 892 2639 Extremum
913 2578 982 2637 illud
1003 2580 1079 2638 erit:
1102 2599 1157 2639 nos

215 2679 285 2736 nihil
299 2679 482 2750 turbulenter,
494 2677 564 2737 nihil
577 2689 685 2736 temere
697 2679 852 2750 faciemus;
873 2689 901 2736 te
914 2687 1013 2736 tamen
1028 2696 1158 2750 oramus,

216 2777 446 2854 quibuscumque
464 2778 569 2842 erimus
588 2777 619 2834 in
635 2777 724 2849 terris,
739 2786 771 2835 ut
786 2794 842 2834 nos
856 2776 1020 2852 liberosque
1038 2788 1159 2838 nostros

216 2877 255 2935 ita
269 2885 375 2948 tueare,
389 2886 421 2934 ut
435 2876 560 2935 amicitia
573 2885 671 2934 nostra
685 2884 715 2934 et
728 2885 776 2934 tua
791 2873 863 2932 fides
877 2873 1043 2950 postulabit.

459 3038 504 3092 71.
547 3031 603 3091 AD
625 3031 816 3091 ATTICUM
837 3031 873 3090 X.
891 3035 917 3089 8.

258 3149 322 3210 Son.
345 3167 375 3207 ru
396 3146 523 3209 Cuuluo
544 3169 571 3209 n.
586 3168 613 3207 n.
637 3167 674 3207 vr.
698 3147 800 3207 Nouus
821 3147 919 3206 urnis
939 3166 1021 3208 auc.
1047 3163 1062 3224 7
1092 3168 1121 3226 5.

532 3275 634 3316 cronno
655 3274 760 3314 Arnen
781 3274 843 3313 sna.

261 3389 285 3427 r.
306 3371 351 3427 Er
372 3389 418 3427 res
432 3371 495 3444 ipsa
511 3372 648 3426 monebat
669 3381 697 3426 et
712 3380 743 3427 tu
763 3369 932 3427 ostenderas
952 3379 981 3427 et
1002 3387 1060 3444 ego
1083 3375 1164 3434 vide·

218 3471 295 3538 bam,
311 3469 347 3526 de
362 3468 395 3525 iis
415 3467 510 3536 rebus,
526 3485 597 3541 quas
611 3467 742 3542 intercipi
756 3467 949 3543 periculosum
967 3480 1054 3540 esset,
1070 3472 1164 3532 finem
