2436 3836
308 233 487 284 NOMINUM
504 234 752 286 PROPRIORUM.

55 401 135 455 gestas
154 410 178 441 se
201 395 286 442 laudari
306 394 362 454 vult,
380 410 404 456 4,
423 405 452 454 53
471 394 508 456 Q

57 459 170 506 Metellus
187 461 265 522 Nepos
276 461 380 507 iuimicus
396 461 426 514 ei,
439 469 502 522 7-93

57 525 158 570 domum
185 528 249 580 emit,
280 538 318 583 1a,
349 540 395 588 193
426 527 451 571 in
477 525 503 572 P.

56 590 170 636 Clodium
189 593 345 638 testimonium
369 591 425 638 dicit
442 591 502 650 apud

57 656 155 710 iudices,
187 666 230 718 17;
265 659 312 704 eius
340 673 391 704 curn
420 660 502 703 eodem

58 721 188 776 altercatio,
219 735 262 785 19;
290 723 338 770 eins
368 724 397 768 de
428 723 502 782 primo

57 787 164 834 Caesaris
184 789 303 836 consulatu
321 789 441 842 sententia,
456 785 502 834 26-

60 865 92 912 3²
105 868 112 910 ;
129 869 143 898 a
152 854 249 900 Caesare
259 855 368 901 imitatur
378 864 404 900 ut
415 855 502 916 legatus

59 919 81 964 ei
94 920 131 972 sit,
142 932 188 978 3r;
205 921 230 967 P.
240 920 332 966 Clodius
344 921 364 966 ei
376 919 502 974 minitatur,

59 985 104 1037 ib.;
123 985 144 1030 ei
160 985 281 1046 Pompeius
293 986 371 1032 omnia
383 985 502 1046 pollicetur

60 1059 86 1094 et
98 1050 187 1104 Caesar,
196 1064 243 1110 43;
262 1051 291 1096 ad
303 1053 339 1111 Q
346 1052 438 1097 fratrem
447 1051 502 1096 scri·

59 1115 97 1160 bit
108 1115 137 1170 de
152 1116 349 1163 administratione
365 1118 502 1176 provinciae,

61 1177 155 1241 36-423
170 1184 196 1226 in
208 1183 311 1228 exsilium
327 1183 345 1228 it
361 1196 433 1230 auo.
446 1179 503 1244 696,

60 1258 161 1308 43-52;
178 1260 250 1294 auc.
262 1246 309 1310 697
322 1249 424 1296 Romam
437 1249 503 1301 redit,

61 1325 111 1372 53;
145 1313 257 1372 Pompeio
287 1314 318 1359 rei
341 1313 503 1360 frumentariae

59 1378 204 1424 curationem
227 1379 336 1433 decernit,
359 1392 404 1440 553
431 1392 503 1425 auc.

59 1440 110 1502 698
123 1445 146 1489 iu
159 1454 239 1490 senatu
251 1445 388 1491 decernitur
399 1445 503 1490 reductio

58 1509 121 1572 regis
133 1510 278 1556 Alexandrini
290 1510 314 1556 P.
326 1510 424 1556 Lentulo
441 1525 504 1555 eorn-

58 1575 174 1630 mittatur,
197 1573 286 1638 56-59,
319 1591 355 1636 cp.
376 1573 422 1630 66;
448 1577 503 1622 dicit

59 1655 104 1699 pro
132 1641 159 1687 L.
182 1641 266 1700 Bestia,
290 1638 337 1696 613
367 1651 389 1688 et
413 1657 454 1702 pro
476 1643 502 1688 P.

59 1706 143 1760 Sestio,
155 1703 201 1765 63;
219 1715 245 1752 ut
262 1707 290 1753 de
309 1721 364 1770 agro
381 1708 502 1768 Campano

58 1771 171 1818 reseratur
189 1783 272 1828 censet,
292 1770 337 1833 763
360 1787 413 1819 cum
435 1775 502 1818 Porn-

59 1837 116 1896 peio
131 1846 154 1882 et
173 1838 270 1884 Caesare
285 1839 343 1884 redit
360 1839 500 1901 ingratiam,

62 1910 158 1965 77-79;
175 1902 304 1962 παλινῳδία
314 1905 370 1960 eius,
382 1902 430 1964 643
448 1918 503 1950 con·

60 1968 111 2014 silia
131 1983 169 2014 sua
187 1969 267 2016 litteris
286 1971 315 2016 ad
335 1970 360 2018 Ρ.
378 1971 502 2016 Lentulum

60 2035 149 2092 scriptis
165 2034 274 2089 vindicat,
293 2037 388 2096 74-873
406 2035 433 2082 C.
445 2035 503 2081 Tre-

59 2099 149 2146 batium
169 2100 261 2147 Caesari
280 2101 435 2156 commendat,
458 2110 502 2163 70;

60 2165 90 2211 C.
119 2165 228 2213 Messium
256 2167 366 2222 defendit,
395 2177 439 2228 733
474 2167 501 2214 C.

59 2231 157 2278 Curioni
196 2231 310 2279 Milonem
345 2233 501 2288 commendat,

59 2297 203 2344 consularem
224 2298 378 2354 candidatum,
404 2297 500 2361 88-90;

59 2363 110 2408 eius
122 2363 165 2408 iter
177 2378 216 2424 per
228 2364 350 2410 Graeciam
361 2377 433 2411 auc.
447 2374 501 2424 703,

59 2439 159 2490 90-923
199 2429 369 2488 proconsulatus
399 2429 498 2489 Ciliciae,

59 2505 174 2555 92-120;
192 2495 277 2541 reditus
290 2497 314 2541 in
325 2495 425 2550 Italiam,
439 2507 500 2550 1203

41 2568 135 2632 'sperat
172 2561 323 2620 triumphum,
366 2558 501 2623 114-116,

42 2618 118 2688 ‘11¹9,
142 2636 204 2680 1213
237 2627 364 2673 sententiae
391 2628 439 2674 eius
467 2626 505 2673 in·¹

59 2698 136 2740 stante
152 2691 213 2738 bello
232 2691 301 2750 civili,
316 2704 444 2752 raa-1253
461 2693 500 2738 diu

58 2756 150 2802 dubitat
166 2772 196 2803 an
213 2771 237 2804 se
254 2773 306 2804 curn
323 2759 435 2818 Pompeio
446 2773 501 2806 con·

59 2823 149 2884 iungat,
169 2819 297 2878 126-166;
319 2824 412 2870 eiusad
431 2825 500 2870 Pom·

57 2888 136 2949 peium
147 2887 243 2952 litterae,
258 2901 319 2949 130;
337 2898 361 2935 et
378 2891 406 2936 ad
417 2890 501 2936 Caesa-

57 2967 117 3006 rem,
131 2951 191 3014 156';
208 2969 260 3000 cum
277 2955 375 3002 Caesare
391 2955 500 3015 colloqui-

57 3030 106 3076 tur,
133 3030 190 3082 159;
221 3035 303 3066 navem
321 3022 452 3066 conscendit
475 3022 498 3067 in

57 3085 153 3144 Epirum
180 3085 259 3141 iturus,
285 3093 346 3146 1733
379 3087 499 3134 incastris

57 3149 184 3209 Pompeiia
195 3151 230 3198 M.
240 3151 319 3197 Caelio
332 3159 355 3198 et
367 3167 380 3197 a
392 3153 417 3198 P.
429 3152 500 3199 Dola-

58 3216 119 3264 bella
129 3216 214 3262 litteras
223 3217 312 3277 accipit,
324 3216 436 3278 174-176
448 3233 454 3276 ;
466 3219 499 3264 ibi

59 3282 212 3330 sollicitudine
223 3282 350 3337 conficitur,
364 3292 410 3344 177
420 3299 426 3338 ;
444 3285 499 3345 quid

60 3348 196 3406 Pompeiani
202 3347 282 3394 facturi
287 3358 360 3394 essent
368 3350 385 3394 si
395 3346 499 3397 vicissent

60 3413 162 3472 exponit,
209 3423 263 3476 179,
296 3426 356 3476 19o;
396 3416 500 3477 Pompeii

63 3478 156 3525 consilia
179 3480 329 3540 reprehendit,
356 3480 410 3544 189,
437 3493 498 3544 197;

972 227 1034 302 295

590 393 613 440 iu
634 393 725 439 ltaliam
745 391 818 439 redux
836 393 948 438 Brundisii
964 407 1029 438 conr·

587 467 698 514 moratur,
721 456 846 519 178-1863
864 459 912 504 eius
930 461 958 504 de
977 459 1029 504 belli

587 525 689 571 Africani
709 533 795 570 eventu
818 524 953 577 sollicitudo,
974 523 1027 584 184,

589 589 652 652 187;
673 589 764 638 Caesari
792 604 834 648 pro
858 590 894 635 M.
916 590 1028 636 Marcello

586 656 670 718 gratias
689 657 745 718 agit,
766 669 826 718 194;
844 655 967 701 Caesarem
980 655 1028 700 lau-

586 724 634 775 dat,
656 735 711 784 ¹95·
738 730 867 784 197-199;
893 721 915 766 ei
935 720 1028 781 Apollo-

586 788 651 834 nium
684 789 841 842 commendat,
876 795 940 847 2073
980 786 1027 835 Ser.

586 853 684 914 Sulpicio
696 854 724 900 de
733 863 808 898 morte
817 852 907 898 Tulliae
917 853 1029 906 rescribit,

588 930 715 976 arr-2133
743 919 808 964 ludos
830 918 932 964 Caesaris
953 931 1027 966 auc.

587 993 633 1048 709
645 994 740 1044 spectat,
760 983 822 1037 118,
839 984 959 1030 Caesarem
975 983 1029 1030 hos-

586 1051 643 1107 pitio
658 1050 757 1096 Puteolis
774 1049 864 1110 accipit,
885 1048 947 1104 218;
964 1051 1028 1095 uenit

587 1116 615 1160 ad
627 1116 749 1162 Caesarem
769 1115 834 1161 Sestii
853 1125 943 1178 rogatu,
963 1127 1026 1171 aat;

586 1190 638 1240 post
666 1181 767 1229 Caesaris
801 1190 900 1227 mortem
927 1182 1027 1227 devertit

587 1247 646 1306 apud
663 1247 691 1293 C.
708 1247 816 1301 Matium,
835 1259 897 1300 220;
916 1246 1027 1293 Octavius

587 1311 750 1370 perhonorifice
770 1327 823 1358 cum
841 1328 869 1358 eo
889 1313 945 1375 agit,
962 1324 1026 1372 2233

588 1378 623 1424 M.
643 1379 744 1424 Antonio
767 1378 819 1426 Sex.
839 1377 915 1424 Clodii
937 1379 1027 1424 restitu-

586 1445 674 1489 tionem
686 1444 798 1502 concedit,
813 1455 875 1502 225;
893 1443 1027 1489 Dolabellae

586 1510 711 1570 gratulatur
730 1510 791 1570 quod
805 1510 828 1554 in
842 1509 961 1555 seditiosos
978 1510 1028 1554 ani·

586 1575 742 1630 madverterit,
772 1573 834 1629 226;
871 1575 919 1620 eius
950 1575 1026 1621 ‘Cato

585 1640 676 1694 maior,'
687 1653 741 1699 230,
760 1638 822 1701 2463
840 1641 869 1686 ad
886 1641 914 1687 C.
924 1641 1025 1686 Matium

586 1705 671 1752 litteras
682 1707 761 1761 mittit,
776 1717 835 1765 230;
853 1722 866 1752 a
885 1706 1026 1766 Leucopetra

586 1772 706 1817 Graeciam
736 1787 811 1817 versus
836 1772 938 1834 navigat,
963 1771 1024 1832 23&

586 1850 663 1883 austro
679 1837 785 1894 relicitur,
806 1837 852 1890 ib.;
874 1837 951 1883 Veliae
971 1851 1024 1882 cum

586 1903 622 1950 M.
642 1904 714 1948 Bruto
733 1903 878 1962 colloquitur,
899 1903 1025 1965 239311o

586 1982 648 2013 marn
660 1983 760 2014 reversus
776 1969 926 2028 Philippicam
941 1969 1027 2014 oratio·

586 2049 638 2080 nem
656 2035 754 2093 primam
766 2034 843 2088 habet,
862 2046 922 2094 241;
941 2033 1026 2093 Philip-

585 2101 661 2159 picam
689 2100 810 2145 secundam
837 2101 919 2146 Attico
946 2101 1027 2155 mittit,

587 2177 649 2226 2453
665 2166 748 2212 librum
766 2167 810 2211 ‘de
822 2164 923 2211 Officiis’
941 2165 1026 2220 scribit,

587 2230 648 2292 2463
673 2231 714 2278 xiii
742 2231 794 2278 Kal.
823 2231 870 2278 lan.
894 2233 917 2276 iu
945 2240 1026 2277 senatu

585 2298 654 2344 verba
674 2297 737 2352 facit,
757 2309 811 2359 249,
837 2307 897 2357 25²³
925 2297 954 2342 ad
976 2311 1025 2344 rem

584 2363 697 2422 publicam
728 2363 894 2409 defendendam
922 2362 1027 2409 hortatur

585 2429 621 2476 M.
633 2429 759 2475 Aemilium
776 2428 895 2487 Lepidum,
911 2438 971 2488 2573
993 2430 1024 2477 C.

584 2495 688 2542 Cassium
717 2494 857 2558 Longinum,
886 2505 940 2554 241,
967 2505 1023 2556 251,

587 2560 711 2621 153.261,
730 2561 767 2620 Q
788 2558 945 2614 Cornificium,
959 2571 1023 2621 249:
1083 2579 1086 2586 ⁴

584 2626 613 2674 D.
637 2626 728 2673 Iunium
751 2627 856 2678 Brutum,
881 2623 935 2680 248,
960 2639 1023 2686 a5o;

584 2693 610 2738 L.
623 2693 756 2738 Munatium
773 2692 890 2745 Plancum,
900 2688 955 2750 256,
970 2690 1025 2745 260,

586 2766 629 2817 271
642 2775 648 2812 ;
666 2759 713 2804 eius
725 2759 782 2803 liber
794 2757 836 2804 ‘de
848 2757 962 2812 Oratores
974 2755 1021 2812 86;

584 2833 669 2879 orator,
688 2836 749 2886 291;
766 2824 794 2870 de
811 2823 952 2882 temporibus
970 2823 1022 2877 suis,

583 2887 623 2936 86.

550 2956 645 3010 Tullius,
653 2955 783 3009 M.Cicero,
790 2954 945 3015 praecedentis
955 2954 1020 3009 filius,

599 3033 673 3078 ‚203.

549 3036 630 3147 -3Q
637 3087 725 3140 Cicero,
737 3086 833 3132 oratoris
851 3085 927 3141 frater,
941 3085 1021 3130 Asiam

582 3169 624 3214 pro
648 3160 752 3211 praetore
775 3152 841 3212 regit,
866 3153 905 3206 18,
923 3149 1002 3211 36-42
1014 3169 1021 3207 ς

582 3234 623 3279 pro
646 3217 714 3262 fratre
741 3216 825 3276 aliquid
848 3217 891 3263 Cn.
911 3217 1022 3276 Pompeio

582 3283 715 3344 despondet,
736 3289 781 3342 77;
810 3283 833 3328 in
856 3282 981 3328 Sardiniam
1004 3282 1022 3327 it

581 3349 685 3408 Pompeii
708 3347 802 3411 legatus,
826 3345 865 3401 61,
885 3356 930 3408 77;
954 3355 977 3393 et
1000 3347 1024 3391 in

581 3417 681 3462 Galliam
701 3429 755 3460 cum
778 3413 882 3467 Caesare,
901 3411 945 3473 85;
969 3427 1022 3458 cum

582 3483 651 3528 fratre
658 3481 745 3542 legatus
757 3480 778 3525 in
786 3479 889 3525 Ciliciam
900 3478 1025 3579 ppoficisci-
