2454 3842
83 182 126 244 ap.
141 165 197 256 34]
275 183 387 234 uersu.
409 184 459 232 nu
479 183 699 232 rnurrmxrs
724 184 799 232 vrrr.
824 169 852 234 8.
982 189 1025 254 99

78 335 324 395 auctoritatem
346 337 514 414 perscribi
535 335 626 394 etde
650 353 690 394 ea
709 353 744 394 re
763 335 805 394 ad
825 333 914 394 hune
935 336 1025 395 ordi-

76 449 157 489 nem
178 432 307 491 relerri.
348 433 438 494 Huic
459 453 480 494 s
501 453 526 495 c.
543 433 742 494 intercessit
765 433 798 492 C.
817 433 966 506 Caelius,
985 433 1023 495 C.

74 528 202 600 Pansa,
217 531 344 590 tribuni
358 533 401 609 pl.

119 631 148 685 8.
169 627 325 707 Itemque
348 632 482 690 senatui
503 632 640 708 placere
658 631 692 688 in
712 629 867 690 Ciliciam
888 632 1021 705 provin-

72 726 175 798 ciam,
199 728 233 785 in
257 748 320 790 v111
342 730 493 807 reliquas
520 732 723 809 provincias,
743 748 829 807 quas
856 732 1022 807 praetorii

70 841 139 899 pro
164 836 323 901 praetore
347 830 552 901 obtinerent,
574 849 641 901 eos,
662 829 721 906 qui
748 836 928 905 praetores
952 826 1019 888 fuc-

68 933 155 981 runt
176 942 287 1001 neque
309 927 343 986 in
367 927 579 1004 provinciam
600 946 675 988 cum
700 929 845 1004 imperio
870 926 1018 1000 fuerunt,

68 1035 164 1095 quos
188 1039 311 1095 eorum,
333 1042 375 1082 ex
401 1043 423 1082 s.
446 1043 471 1085 c.
496 1043 571 1085 cum
595 1026 739 1102 imperio
763 1025 798 1083 in
824 1025 1018 1100 provincias

67 1135 137 1192 pro
158 1131 321 1194 praetore
344 1123 433 1181 mitti
455 1132 641 1201 oporteret,
661 1142 722 1183 eos
741 1122 865 1182 sortito
886 1123 920 1181 in
940 1140 1017 1198 pro-

66 1215 206 1276 vincias
240 1221 329 1279 mitti
363 1222 516 1298 placere;
554 1223 583 1281 si
613 1241 653 1280 ex
681 1241 722 1281 eo
750 1240 900 1294 numero,
931 1239 1016 1298 quos

65 1333 115 1372 ex
145 1333 167 1374 S.
193 1337 217 1377 c.
245 1319 279 1377 in
308 1320 506 1396 provincias
537 1321 585 1379 ire
616 1331 803 1398 oporteret,
833 1318 875 1378 ad
901 1337 1014 1378 nume-

64 1433 146 1473 rum
177 1434 246 1475 non
278 1427 401 1490 essent,
436 1419 493 1495 qui
525 1420 559 1476 in
592 1438 650 1479 eas
682 1419 878 1497 provincias
911 1416 1014 1494 profi·

64 1513 295 1588 ciscerentur,
314 1525 384 1574 tum
405 1518 454 1576 uti
474 1518 638 1596 quodque
661 1518 847 1594 collegium
868 1516 1013 1593 primum

62 1619 269 1686 praetorum
291 1612 416 1675 fuisset
443 1635 557 1692 neque
580 1617 613 1674 in
638 1617 836 1693 provincias
864 1612 1012 1692 profecti

62 1719 195 1780 essent,
215 1710 263 1769 ita
285 1722 377 1772 sorte
401 1714 436 1772 in
462 1715 660 1792 provincias
683 1713 992 1792 proficiscerentur
1002 1730 1010 1784 ;

62 1808 96 1864 si
129 1807 155 1865 ii¹
187 1809 229 1868 ad
262 1830 439 1872 numerum
474 1832 544 1872 non
578 1821 703 1884 essent,
731 1822 812 1871 tunc
847 1810 1010 1886 deinceps

60 1907 216 1982 proximi
237 1911 402 1987 cuiusque
421 1911 569 1988 collegii,
587 1912 646 1989 qui
664 1919 842 1987 praetores
860 1907 1011 1967 fuissent

60 2025 179 2084 neque
207 2010 241 2069 in
269 2012 466 2086 provincias
493 2012 640 2088 proiecti
667 2019 792 2079 essent,
820 2008 853 2065 in
880 2015 1008 2065 sortem

59 2106 333 2181 coniicerentur,
358 2109 470 2186 quoad
494 2110 523 2169 is
546 2126 707 2167 numerus
731 2107 879 2166 effectus
906 2111 1007 2171 esset,

58 2206 220 2279 quemad
239 2225 414 2266 numerum
432 2209 466 2267 in
483 2209 680 2285 provincias
699 2207 787 2265 mitti
806 2211 985 2279 oporteret
997 2221 1005 2272 ;

58 2301 91 2360 si
112 2302 189 2378 quis
207 2302 285 2363 huic
298 2324 320 2364 s.
335 2325 360 2366 c.
375 2306 642 2378 intercessisset,
656 2304 847 2364 auctoritas
861 2298 1004 2376 perscri-

57 2401 206 2461 beretur.
258 2403 354 2462 Huic¹
380 2423 402 2463 s.
435 2424 460 2464 c.
495 2405 692 2464 intercessit
724 2402 757 2462 C.
787 2399 934 2468 Caelius,
968 2393 1002 2454 C.

56 2499 182 2573 Pansa,
195 2503 322 2561 tribuni
336 2504 379 2579 pl.

103 2617 132 2672 9.
153 2599 205 2659 Illa
225 2611 374 2677 praeterea
393 2601 447 2661 Cn.
462 2601 593 2680 Pompeii
614 2613 681 2662 sunt
700 2598 907 2668 animadversa,
927 2612 1001 2672 quae

56 2698 188 2756 maxime
209 2699 413 2758 confidentiam
434 2700 585 2760 attulerunt
603 2701 776 2771 hominibus,
794 2707 825 2756 ut
842 2696 949 2754 diceret
968 2710 999 2751 se

55 2806 127 2854 ante
151 2796 217 2856 Kal
241 2797 361 2856 Martias
385 2817 446 2858 non
468 2817 556 2875 posse
581 2801 642 2858 sine
662 2799 764 2857 iniuria
784 2797 820 2856 de
844 2792 998 2871 provinciis

56 2893 191 2954 Caesaris
210 2906 342 2968 statuere,
358 2909 425 2973 post
443 2897 508 2956 Kal
525 2898 645 2958 Martias
664 2917 695 2956 se
714 2916 775 2956 non
794 2895 996 2954 dubitaturum.

55 2990 134 3050 Cum
156 2993 384 3071 interrogaretur,
406 2997 500 3073 siqui
523 3008 585 3055 tum
609 2996 825 3066 intercederent,
847 2992 917 3052 dixit
940 2988 997 3047 hoc

53 3090 126 3148 nihil
153 3091 299 3164 interesse,
323 3103 418 3152 utrum
443 3094 475 3154 C.
497 3095 605 3156 Caesar
633 3095 744 3154 senatui
772 3093 848 3152 dicto
876 3088 996 3148 audiens

52 3188 167 3248 futurus
195 3209 257 3250 non
289 3202 364 3252 esset
396 3212 434 3251 an
464 3204 576 3270 pararet
604 3194 653 3270 qui
681 3202 813 3252 senatum
841 3189 995 3249 decernere

53 3305 117 3346 non
140 3299 290 3364 pateretur.
334 3291 440 3364 ‘Quid
464 3293 500 3351 si’
524 3292 617 3369 inquit
641 3293 712 3369 alius
738 3296 785 3349 ‘et
807 3287 909 3349 consul
930 3306 994 3346 esse

52 3394 83 3445 et
111 3388 266 3460 exercitum
293 3388 398 3449 habere
426 3390 533 3449 voleti'
574 3391 614 3450 At
641 3391 686 3451 ille
711 3408 798 3468 quam
822 3387 992 3447 clementer:

496 3508 548 3548 na
