2452 3842
44 227 88 288 ep.
104 239 159 291 114,
172 211 244 294 1131]
280 225 394 274 mrsr.
409 225 459 274 au
473 225 697 275 mmmmm
711 229 775 276 xrr.
795 232 821 276 1.
932 227 994 296 235

42 377 127 452 quod
138 387 236 436 tamen
250 396 358 436 munus
372 388 401 437 et
411 378 538 436 hominis
553 380 719 438 amicissimi
733 378 891 436 memoriae
907 386 993 453 atque

42 467 208 534 honoribus
229 487 375 555 praestare
397 478 485 535 etiam
505 478 611 536 mortui
626 477 722 548 debui,
738 487 766 535 et
781 476 909 552 optimae
931 477 993 552 spei

41 572 224 631 adulescenti
249 592 283 632 ac
311 575 483 650 dignissimo
511 573 634 633 Caesare
659 575 767 651 petenti
796 592 905 649 negare
933 592 993 632 non
1022 627 1026 636 .

40 671 137 747 potui.
181 683 207 744 7.
222 672 299 730 Veni
310 673 397 731 etiam
411 673 539 732 consulis
550 673 671 730 Antonii
683 672 803 731 domum
818 689 905 747 saepe
920 669 994 730 salu·

39 769 126 827 tandi
146 788 252 841 causa;
275 770 312 828 ad
336 789 424 847 quem
449 771 498 847 qui
519 789 567 829 me
589 789 693 848 parum
714 771 823 847 patriae
846 778 994 828 amantem

40 885 109 925 esse
139 868 303 926 existimant
330 870 454 945 rogandi
482 870 601 945 quidem
633 869 740 946 aliquid
768 880 817 928 aut
845 867 993 927 auferendi

40 984 134 1025 causa
154 965 319 1043 frequentes
340 968 478 1026 ventitare
499 969 632 1044 reperies.
676 967 736 1027 Sed
757 987 832 1044 quae
853 967 926 1026 haec
950 975 994 1024 est

39 1065 225 1139 adrogantia,
237 1065 317 1140 quod
332 1064 440 1124 Caesar
455 1085 617 1142 numquam
631 1067 828 1142 interpellavit,
840 1067 918 1142 quin,
931 1067 993 1141 qui·

38 1164 99 1221 bus
114 1161 217 1220 vellem
232 1172 318 1237 atque
333 1163 419 1220 etiarn
433 1181 508 1238 quos
522 1165 585 1239 ipse
604 1183 666 1223 non
686 1164 831 1239 diligebat,
847 1173 946 1221 tamen
959 1162 994 1218 iis

39 1270 146 1330 uterer,
170 1277 229 1330 eos,
253 1260 303 1337 qui
327 1259 397 1317 mihi
419 1261 546 1319 amicum
571 1263 744 1339 eripuerunt,
769 1262 917 1339 carpendo
946 1278 993 1316 me

39 1359 158 1418 efficere
186 1359 293 1429 conari,
322 1377 367 1428 ne,
396 1377 472 1434 quos
498 1358 590 1430 velim,
620 1360 772 1437 diligamt
801 1364 826 1419 8.
850 1359 908 1419 Sed
932 1376 993 1416 non

38 1476 145 1516 vereor
173 1476 210 1516 ne
239 1468 288 1515 aut
314 1476 398 1516 meae
421 1459 494 1516 vitae
519 1460 664 1518 modestia
690 1479 794 1537 pamm
816 1459 934 1518 valitura
959 1458 995 1516 sit

38 1560 73 1615 in
97 1564 246 1633 posterum
267 1566 368 1615 contra
389 1556 477 1616 falsos
497 1576 636 1629 rumores
659 1570 708 1618 aut
729 1578 765 1618 ne
787 1559 874 1617 etiam
894 1558 922 1628 ii,
944 1557 994 1632 qui

38 1673 92 1714 me
114 1673 176 1713 non
197 1666 296 1714 amant
310 1666 429 1733 propter
449 1675 546 1714 meam
567 1657 597 1714 in
613 1656 770 1716 Caesarem
791 1657 993 1726 constantiam,

38 1771 105 1812 non
127 1752 228 1812 malint
249 1755 307 1812 mei
327 1773 416 1831 quam
438 1756 482 1814 sui
504 1755 610 1814 similes
633 1756 743 1814 amicos
761 1755 876 1814 habere.
919 1754 994 1812 Mihi

38 1851 164 1930 quidem
186 1854 209 1911 si
230 1862 331 1928 optata
352 1855 530 1929 contingent,
546 1854 627 1929 quod
646 1854 788 1930 reliquum
809 1864 852 1912 est
866 1854 948 1925 vitae,
963 1854 993 1911 in

37 1951 105 2011 otio
121 1948 220 2010 Rhodi
239 1952 361 2027 degam;
386 1954 431 2010 sin
451 1969 535 2010 casus
555 1951 659 2028 aliquis
675 1952 869 2028 interpellarit,
886 1953 924 2010 ita
943 1970 993 2011 ero

38 2051 169 2119 Romae,
191 2059 223 2108 ut
243 2060 328 2109 recte*
342 2051 403 2109 fieri
424 2067 541 2125 semper
562 2049 687 2125 cupiam.
729 2049 869 2109 Trebatio
891 2059 993 2109 nostro

37 2165 167 2224 magnas
182 2166 239 2224 ago
254 2149 368 2224 gratias,
384 2149 464 2224 quod
480 2158 560 2206 tuum
578 2167 648 2223 erga
668 2166 716 2206 me
736 2149 866 2206 animum
885 2148 993 2225 simpli-

37 2266 109 2307 cem
130 2256 217 2322 atque
238 2247 363 2306 amicum
386 2248 498 2322 aperuit
519 2258 548 2305 et
569 2247 651 2324 quod
671 2265 748 2318 eum,
768 2265 856 2322 quem
878 2264 993 2322 semper

35 2349 165 2407 libenter
189 2345 284 2416 dilexi,
309 2364 369 2421 quo
397 2347 492 2422 magis
517 2346 577 2403 iure
602 2346 697 2405 colere
725 2355 812 2422 atque
839 2346 993 2404 observare

37 2445 189 2513 deberem,
205 2443 278 2502 lecit.
323 2443 404 2502 Bene
418 2443 481 2502 vale
496 2453 524 2502 et
538 2461 586 2501 me
600 2444 696 2521 dilige.

229 2605 294 2660 115.
336 2601 394 2658 AD
415 2601 669 2660 FAMILIARES
691 2601 759 2660 XII.
785 2621 808 2660 1.

194 2714 261 2774 Sca.
282 2734 418 2775 nxuuura
440 2735 534 2776 mansu
556 2715 640 2776 Maro
662 2736 747 2776 auc.
772 2731 838 2792 710.

367 2842 470 2883 arcano
492 2842 588 2884 cnssro
609 2844 670 2882 san.

87 2957 112 2997 1.
134 2937 230 2996 Frnmr
258 2938 367 2996 nullam
396 2937 481 3008 facio,
503 2938 574 2995 mihi
602 2938 696 3010 crede,
726 2937 818 3007 Cassi,
842 2937 877 2995 de
907 2946 935 2995 te
964 2947 992 2995 et

36 3039 134 3097 Bruto
155 3044 263 3106 nostro,
283 3035 313 3094 id
334 3046 377 3094 est
399 3035 435 3094 de
456 3045 518 3094 tota
538 3053 569 3094 re
590 3036 714 3112 publica,
738 3036 893 3111 cogitandi,
910 3036 992 3093 cuius

36 3135 140 3196 omnis
162 3153 229 3210 spes
250 3135 280 3192 in
301 3135 383 3194 vobis
405 3144 448 3193 est
469 3144 498 3192 et
519 3135 548 3191 in
570 3134 606 3193 D.
629 3133 719 3193 Bmto
731 3153 739 3206 ς
762 3152 852 3210 quam
873 3133 991 3210 quidem

36 3240 100 3295 iam
122 3232 216 3291 habeo
241 3233 303 3309 ipse
328 3232 487 3303 meliorem,
512 3251 543 3290 re
564 3233 686 3309 publica
709 3251 726 3290 a
747 3232 901 3291 Dolabella
925 3249 992 3288 meo

35 3331 269 3412 praeclarissime
294 3341 397 3407 gesta:
420 3332 556 3389 manabat
579 3331 656 3389 enim
680 3330 751 3389 illud
776 3330 885 3387 malurn
906 3330 990 3392 urba-

35 3449 114 3492 num
139 3439 167 3488 et
189 3431 228 3488 ita
251 3430 500 3489 conroborabatur
523 3429 661 3505 quotidie,
684 3439 715 3488 ut
737 3447 795 3505 ego
819 3429 937 3505 quidem
962 3436 991 3483 et
