2432 3844
40 233 94 293 εμ
114 217 167 301 o]
307 229 420 280 rrrsr.
441 187 491 278 Aa
512 229 680 280 Armatur
699 232 722 278 r.
742 237 789 304 13.
982 237 1018 280 11

42 386 256 446 honorificus
280 397 309 446 et
331 388 456 463 partium
479 387 625 448 studiosus
649 407 683 448 ac
708 388 843 448 defensor
867 389 1019 448 bonarum.

48 505 79 560 3.
108 485 185 558 Qui
202 504 281 545 nunc
295 486 393 546 leviter
406 487 479 546 inter
494 505 525 546 se
540 487 696 558 dissident;
716 489 769 548 sed
782 506 883 548 vereor
897 508 934 548 ne
953 489 1019 558 hoc,

47 585 148 660 quod
164 585 311 644 infectum
324 595 377 656 est,
392 595 488 663 serpat
504 587 636 663 longius:
657 586 746 646 credo
760 588 838 644 enirn
852 597 881 646 te
895 588 1019 657 audisse,

48 701 130 741 cum
148 685 237 760 apud
251 683 408 744 Caesarem
422 703 476 762 pro
490 686 600 762 populo
614 686 695 744 fieret
708 685 821 744 venisse
834 704 871 744 eo
888 687 1020 746 muliebri

51 783 175 841 vestitu
186 783 290 855 virum,
301 783 389 860 idque
403 784 574 843 sacrificium
589 803 656 844 curn
667 784 790 860 virgines
805 785 1019 856 instaurassent,

53 881 257 940 mentionem
285 900 302 940 a
330 881 368 955 Q.
394 881 552 941 Cornificio
579 884 610 942 in
638 892 740 942 senatu
766 882 937 942 factam—is
967 882 1020 942 luit

55 980 222 1056 princeps,
241 999 278 1038 ne
302 991 334 1039 tu
357 979 431 1039 forte
454 981 580 1057 aliquem
602 991 734 1040 nostmm
754 991 896 1060 putes-;
919 992 1021 1057 postea

59 1097 131 1136 rem
148 1097 190 1136 ex
205 1089 323 1138 senatus
342 1079 476 1139 consulto
491 1075 543 1160 [ad
556 1079 682 1155 virgines
696 1076 795 1161 atque]
811 1081 849 1140 ad
867 1080 1019 1156 pontifices

62 1177 197 1235 relatam
225 1177 313 1254 idque
339 1179 377 1236 ab
392 1179 439 1239 ¹iis
466 1178 548 1238 nefas
575 1196 640 1238 esse
667 1179 831 1249 decretum
857 1178 962 1238 deinde
983 1197 1020 1238 ex

64 1276 344 1336 senatusconsulto
359 1271 494 1336 co'nsules
505 1278 688 1354 rogationem
699 1278 916 1354 promulgasse3
936 1279 1021 1338 uxori

66 1373 236 1432 Caesarem
252 1375 387 1434 nuntium
399 1376 554 1434 remisisse.
595 1375 631 1434 In
645 1375 699 1434 hac
713 1394 801 1434 causa
815 1376 882 1434 Piso
896 1376 1021 1436 amicitia

67 1472 102 1530 P.
120 1471 223 1531 Clodii
240 1472 343 1532 ductus
360 1491 481 1550 operam
495 1474 544 1534 dat
558 1483 590 1531 ut
603 1492 638 1533 ea
650 1475 771 1550 rogati0,
787 1492 875 1550 quam
889 1475 952 1550 ipse
966 1473 1021 1532 fert

69 1581 100 1628 et
122 1569 181 1628 fert
201 1588 239 1628 ex
260 1580 377 1629 senatus
398 1571 533 1630 consulto
555 1583 583 1630 et
606 1573 642 1631 de
667 1572 814 1648 religione,
836 1573 1018 1648 antiquetur:

71 1667 217 1728 Messalla
227 1667 412 1728 vehementer
425 1669 519 1727 adhuc
530 1669 589 1746 agit
600 1688 706 1728 severe.
733 1669 809 1729 Boni
819 1670 871 1727 viri
885 1670 1019 1746 precibus

73 1765 173 1826 Clodii
186 1777 370 1826 removentur
383 1786 401 1826 a
415 1785 503 1826 causa
511 1786 519 1839 ;
541 1785 647 1844 operae
661 1778 866 1844 comparantur
874 1789 882 1840 3
904 1778 1019 1827 uosmet

74 1865 140 1940 ipsi,
155 1865 206 1942 qui
224 1863 366 1942 Lycurgei
384 1885 402 1924 a
420 1867 562 1942 principio
581 1866 743 1938 fuissemus,
757 1867 886 1942 quotidie
907 1867 1018 1925 demiti-

77 1981 197 2039 gamur;
218 1964 307 2022 instat
327 1973 356 2022 et
379 1975 463 2040 urget
487 1965 571 2024 Cato.
612 1964 693 2037 Quid
715 1965 824 2024 multa?
853 1983 953 2024 vereor
980 1983 1018 2023 ne

77 2063 159 2134 haee,
172 2062 304 2138 neglecta
323 2080 342 2122 a
362 2064 455 2136 bonis,
474 2063 594 2123 defensa
613 2065 652 2122 ab
672 2064 822 2139 improbis,
844 2081 1017 2138 magnorum

80 2161 120 2219 rei
145 2161 278 2236 publicae
305 2161 449 2222 malorum
477 2179 566 2220 causa
592 2161 636 2219 sit.
686 2180 713 2232 4.
735 2161 818 2220 Tuus
847 2169 943 2219 autem
971 2160 1018 2218 ille

81 2259 291 2318 anricus-scin
305 2278 393 2337 quem
407 2259 601 2320 dicami—de
618 2278 678 2335 quo
697 2269 729 2317 tu
746 2259 785 2316 ad
804 2277 852 2316 me
872 2257 1018 2333 scripsisti,

83 2368 282 2436 posteaquam
295 2377 356 2417 non
374 2359 491 2418 auderet
509 2357 727 2434 reprehendere,
741 2357 857 2416 laudare
876 2356 1018 2432 coepisse,

84 2473 146 2528 nos,
155 2467 184 2516 ut
198 2458 331 2528 ostendit,
343 2457 502 2517 admodum
514 2458 613 2534 diligit,
622 2456 811 2532 amplectitur,
822 2465 908 2527 amat,
919 2465 1018 2532 aperte

84 2555 194 2627 laudat,
215 2557 335 2622 occulte,
350 2557 402 2615 sed
415 2557 464 2627 ita,
478 2567 510 2616 ut
523 2558 708 2634 perspicuum
725 2555 768 2627 sit,
783 2556 896 2614 invidet
940 2555 1019 2614 Nihil

85 2654 253 2724 come,nil1il
267 2655 399 2731 simplex,
414 2655 485 2714 nihil
499 2659 526 2712 ἐν
541 2661 594 2714 τοῖς
612 2659 752 2713 πολιτικοῖς
768 2654 933 2726 honestum,
948 2655 1018 2713 nihil

87 2753 191 2822 illustre,
206 2753 275 2812 nihil
290 2753 373 2826 forte,
388 2753 458 2814 nihil
470 2754 599 2814 liberum.
642 2751 700 2814 Sed
713 2753 785 2812 haec
800 2754 838 2813 ad
851 2765 880 2812 te
894 2753 1018 2813 scribam

89 2853 153 2912 alias
164 2851 311 2924 subtilius3
333 2871 402 2910 nam
421 2871 515 2928 neque
534 2852 630 2912 adhuc
648 2852 718 2910 mihi
737 2853 806 2911 satis
825 2862 895 2910 nota
910 2860 1019 2910 suntet

90 2950 151 3010 huie
162 2959 249 3008 terrae
262 2951 322 3010 filio
336 2951 435 3010 nescio
449 2951 496 3010 cui
510 2950 691 3010 committere
704 2951 858 3027 epistolam
875 2951 961 3008 tantis
980 2950 1017 3008 de

92 3051 167 3108 rebus
179 3066 238 3107 non
251 3049 355 3108 audeo.
391 3062 418 3122 5.
439 3048 604 3106 Provincias
619 3058 765 3125 praetores
780 3049 912 3108 nondum
927 3049 1017 3107 sortiti

93 3157 167 3206 sunt:
181 3165 223 3206 res
236 3147 343 3206 eodem
357 3156 400 3206 est
413 3147 480 3217 loci,
492 3165 552 3224 quo
566 3147 713 3222 reliquisti.
754 3149 917 3218 τοποθεσίαν,
928 3165 1017 3224 quam

94 3245 214 3322 postulas,
229 3245 337 3305 Miseni
355 3255 384 3304 et
402 3245 600 3316 Puteolorum,
614 3244 762 3306 includam
780 3245 905 3303 orationi
923 3263 1016 3304 meae.

94 3344 152 3405 ad.
165 3363 199 3404 m.
228 3343 308 3404 Non.
336 3343 492 3405 Decembr.
520 3343 663 3402 mendose
689 3342 777 3402 fuisse
806 3344 1014 3404 animadverte-

94 3461 154 3504 ram.
189 3441 272 3516 Quae
285 3443 386 3504 laudas
400 3462 436 3502 ex
451 3444 638 3514 orationibus,
656 3441 835 3516 mihicrede,
850 3442 932 3500 valde
947 3441 1017 3502 mihi
