2452 3842
203 197 262 280 15⁶
472 213 508 265 ru.
536 211 655 260 rurrrr
679 214 866 262 eternorum
1018 199 1086 283 [rats
1102 216 1141 264 ut.

394 437 439 490 64.
485 432 542 490 ΑΙ)
564 431 758 492 ATTICUM
780 433 832 492 IX.
858 453 891 491 11
916 432 952 492 A.

205 546 267 606 Sca.
284 567 314 606 ut
329 548 484 609 Fonurnuo
496 569 554 608 no.
567 569 610 606 xv.
624 545 659 628 (l)
671 549 832 610 Kanuunas
843 549 972 608 Apenas
983 569 1069 610 nuc.
1082 564 1144 624 705.

437 675 539 716 cronno
560 675 696 716 tunso.
712 675 833 716 causant
853 675 912 716 rur.

246 792 270 832 1.
288 771 334 830 Ur
348 772 405 847 legi
419 784 483 830 tuas
494 773 609 843 litterae,
619 791 721 848 quasa
735 772 843 833 Furnio
854 783 955 831 nostro
966 791 1144 848 acceperam,

202 873 306 946 quibus
328 888 443 928 mecum
464 872 581 946 agabae,
603 883 634 929 ut
655 872 693 930 ad
714 873 816 929 urbem
837 889 941 941 essem,
962 883 992 928 te
1014 872 1087 930 velle
1108 872 1146 930 uti

202 970 325 1028 consilio
340 981 369 1028 et
384 970 521 1044 dignitate
536 987 609 1039 mea,
621 971 717 1028 minus
732 988 797 1028 sum
813 970 989 1028 admiratus:
1006 970 1043 1028 de
1059 972 1146 1044 gratia

202 1070 285 1126 etde
305 1086 362 1143 ope
381 1068 452 1143 quid
472 1067 658 1142 significares,
673 1086 789 1126 meeum
811 1069 873 1142 ipse
895 1070 1083 1144 quaere-bam.
1097 1087 1146 1144 spe

203 1178 300 1225 tamen
329 1166 493 1224 deducebar
518 1166 555 1224 ad
579 1184 645 1224 eam
670 1168 887 1242 cogitationem,
910 1177 941 1226 ut
966 1179 994 1225 te
1019 1185 1075 1243 pro
1100 1179 1147 1226 tua

203 1266 362 1324 admirabili
377 1283 411 1322 ac
426 1264 562 1340 singulari
578 1265 720 1340 sapientia
734 1267 771 1324 de
786 1267 854 1334 oti0,
870 1265 906 1324 de
921 1284 1004 1341 pace,
1020 1266 1058 1326 de
1080 1284 1146 1326 con·

203 1365 303 1423 cordia
323 1365 427 1422 civium
452 1365 499 1439 agi
523 1363 594 1422 velle
619 1365 778 1430 arbitrarer,
800 1375 828 1423 et
852 1365 889 1424 ad
914 1382 980 1424 eam
1005 1365 1147 1426 rationem

203 1462 404 1520 existimabam
427 1463 495 1520 satis
521 1473 619 1538 aptam
643 1480 708 1522 esse
732 1472 760 1520 et
784 1473 915 1521 naturam
938 1473 966 1521 et
990 1483 1147 1539 personam

203 1578 307 1618 meam.
354 1580 379 1618 2.
403 1559 494 1631 Quod
508 1562 531 1618 si
546 1563 586 1620 ita
600 1571 643 1620 est
662 1571 691 1619 et
711 1561 735 1620 si
749 1578 808 1636 qua
827 1562 864 1620 de
884 1561 1028 1637 Pompeio
1048 1575 1148 1622 nostro

204 1661 313 1719 tuendo
344 1671 372 1718 et
402 1661 453 1718 tibi
484 1679 519 1718 ac
549 1661 590 1718 rei
618 1645 750 1736 publicae
778 1661 995 1720 reconciliando
1024 1681 1095 1721 cura
1121 1672 1147 1721 te

204 1759 326 1834 attingit,
340 1760 434 1834 magis
449 1759 595 1829 idoneum,
611 1777 699 1835 quam
719 1777 775 1834 ego
796 1777 870 1828 sum,
885 1761 922 1818 ad
941 1741 1008 1818 eam
1029 1780 1148 1820 causam

204 1858 335 1934 profecto
350 1859 475 1932 reperies
489 1859 646 1928 neminem,
661 1859 710 1932 qui
732 1869 760 1915 et
781 1858 820 1916 illi
841 1877 956 1934 semper
976 1870 1005 1917 et
1027 1862 1149 1930 senatui,

204 1957 417 2034 cumprimum
438 1957 527 2031 potui,
549 1957 629 2032 pacis
651 1968 751 2014 auctor
772 1955 820 2026 fui,
840 1975 895 2015 nec
916 1959 1039 2033 sumptis
1062 1961 1150 2017 armis

204 2057 271 2116 belli
288 2057 375 2114 ullam
394 2065 506 2131 partem
527 2056 616 2130 attigi,
632 2055 813 2130 iudicavique
834 2074 871 2113 eo
892 2055 968 2113 bello
990 2067 1018 2114 te
1039 2058 1150 2129 violari,

204 2168 306 2216 contra
320 2157 401 2214 cuius
412 2155 556 2212 honorem
569 2154 669 2230 populi
681 2153 808 2212 Romani
820 2155 961 2213 beneficio
973 2173 1152 2214 concessum

204 2257 312 2314 inimici
327 2265 412 2330 atque
431 2253 518 2310 invidi
537 2254 703 2311 niterentur.
746 2251 805 2310 Sed
823 2263 854 2314 ut
875 2271 912 2311 eo
932 2263 1066 2329 tempore
1089 2274 1152 2314 non

204 2356 294 2413 modo
314 2355 376 2430 ipse
395 2352 489 2410 fautor
509 2352 655 2425 dignitatis
674 2362 740 2410 tuae
759 2351 808 2422 sui,
822 2369 922 2409 verum
940 2353 1027 2410 etiam
1046 2356 1153 2412 ceteris

204 2465 304 2512 auctor
320 2453 358 2511 ad
378 2462 405 2510 te
424 2451 628 2520 adiuvandum,
644 2451 683 2509 sic
703 2468 750 2508 me
770 2469 848 2508 nunc
870 2451 1001 2527 Pompeii
1023 2452 1153 2528 dignitas

204 2552 390 2610 vehementer
406 2561 502 2608 movet
511 2570 518 2620 ;
541 2549 650 2624 aliquot
668 2550 746 2606 enim
764 2560 831 2607 suut
846 2551 924 2619 anni,
940 2568 1006 2608 cum
1020 2569 1076 2609 vos
1092 2553 1154 2612 duo

205 2651 307 2724 delegi,
319 2667 393 2725 quos
405 2649 559 2724 praecipue
574 2648 699 2706 colerem
714 2659 742 2705 et
754 2649 857 2722 quibus
873 2666 977 2718 essem,
988 2649 1062 2707 sicut
1075 2667 1154 2720 sum,

204 2749 403 2806 amicissimus.
447 2766 473 2820 3.
488 2745 715 2817 Quamobrem
731 2756 789 2804 ate
804 2757 873 2820 peto
886 2747 931 2804 vel
946 2747 1044 2822 potius
1054 2752 1155 2808 omni-

206 2851 259 2906 bus
273 2857 301 2904 te
321 2846 452 2920 precibus
472 2862 525 2902 oro
545 2856 573 2902 et
592 2845 730 2915 obtestor,
745 2853 776 2902 ut
794 2845 824 2902 in
843 2845 899 2902 tuis
918 2846 1053 2905 maximis
1074 2851 1154 2907 curis

205 2943 312 3019 aliquid
326 2943 472 3018 impertias
486 2943 626 3017 temporis
641 2943 707 3001 huic
722 2960 839 3019 quoque
854 2944 1031 3017 cogitationi,
1046 2953 1079 3002 ut
1099 2957 1154 3004 tuo

204 3045 347 3104 beneficio
366 3045 461 3102 bonus
480 3044 529 3113 vir,
545 3055 652 3118 gratus,
668 3045 732 3120 pius
752 3043 878 3119 denique
899 3062 963 3102 esse
983 3045 1012 3102 in
1027 3047 1155 3105 maximi

204 3144 336 3204 beneficii
355 3144 495 3201 memoria
514 3144 641 3218 possim;
664 3161 738 3218 quae
758 3144 909 3200 sitantum
927 3144 964 3201 ad
983 3162 1031 3202 me
1051 3146 1154 3220 ipsum

204 3245 387 3322 pertinerent,
397 3260 544 3316 sperarem
558 3261 605 3300 me
620 3261 637 3299 a
652 3251 679 3299 te
694 3251 792 3299 tamen
806 3243 1034 3316 impetraturum,
1047 3245 1111 3313 sed,
1121 3254 1156 3303 ut

204 3343 333 3410 arbitror,
346 3351 374 3397 et
395 3341 433 3396 ad
454 3350 532 3396 tuam
550 3339 638 3396 fidem
657 3352 686 3396 et
706 3339 744 3396 ad
765 3355 826 3396 rem
848 3341 994 3414 publicam
1014 3343 1153 3416 pertinet,

206 3453 253 3493 me
281 3453 317 3492 ex
350 3433 449 3508 paucis
477 3441 506 3487 et
533 3433 573 3487 ad
597 3432 745 3507 utriusque
770 3442 897 3492 vestrum
922 3443 951 3492 et
979 3435 1017 3493 ad
1041 3436 1153 3497 civium
