2452 3842
62 245 124 326 1περ.
142 233 210 318 ιιι]
274 245 387 299 aaran.
410 244 460 295 Aa
481 245 706 296 summanus
723 239 776 296 nr.
804 252 853 315 14.
964 251 1024 316 227

78 407 136 465 tuis
150 406 290 465 laudibus.
335 405 492 466 Neminem
512 407 820 466 conveni—convenio
841 417 938 465 autem
953 423 1025 483 quo-

77 505 148 562 tidie
162 505 319 580 plurimos3
342 514 408 563 sunt
423 507 500 564 enim
515 507 648 582 permulti
663 507 765 583 optimi
779 505 838 576 viri,
854 506 904 582 qui
917 505 1026 563 valetu-

77 604 155 662 dinis
174 620 261 662 causa
274 604 305 661 in
320 602 391 662 haee
410 603 476 663 loca
494 605 617 676 veniant,
635 613 784 681 praeterea
805 623 841 662 ex
861 604 1026 680 municipiis

76 701 242 776 frequentes
261 703 416 761 necessarii
431 704 537 772 mei-‚
552 703 622 779 quin
640 720 753 775 omnes,
769 722 837 763 cum
856 713 884 762 te
904 702 1025 761 summis

75 799 211 858 laudibus
235 800 273 857 ad
295 800 408 859 caelum
431 801 602 872 extulerunt,
624 801 694 858 mihi
716 803 856 860 continuo
882 803 1025 863 maximas

77 897 184 973 gratias
209 908 313 973 agant3
334 909 451 975 negant
476 900 554 957 enim
583 918 615 957 se
643 899 773 957 dubitare
799 900 869 976 quin
896 909 927 958 tu
952 902 1024 962 meis

77 997 239 1073 praeceptis
261 1007 291 1055 et
312 997 439 1056 consiliis
463 999 668 1074 obtemperans
694 999 973 1073 praestantissimum
996 1010 1024 1058 te

76 1095 170 1152 civem
192 1104 220 1152 et
240 1095 417 1169 singularem
438 1095 587 1154 consulem
609 1095 765 1171 praebeas:
790 1114 817 1154 a.
840 1097 945 1171 quibus
966 1115 1023 1173 ego

76 1210 256 1268 quamquam
272 1193 418 1252 verissime
439 1211 561 1270 possum
582 1193 760 1269 respondere
779 1202 815 1264 te,
831 1212 906 1270 quae
925 1194 1022 1268 facias,

74 1301 129 1350 tuo
142 1290 247 1350 iudicio
261 1302 290 1350 et
304 1301 354 1350 tua
369 1302 473 1367 sponte
485 1292 580 1350 facere
594 1310 650 1350 nec
664 1292 836 1368 cuiusquam
851 1311 935 1369 egere
950 1310 1021 1352 con·

74 1389 150 1461 silio,
169 1401 268 1449 tamen
288 1409 383 1467 neque
404 1390 491 1468 plane
513 1390 676 1463 adsentior,
691 1409 729 1448 ne
749 1391 921 1449 imminuam
942 1400 1022 1450 tuam

74 1488 201 1554 laudem,
216 1489 241 1546 si
255 1490 352 1547 omnis
365 1507 384 1546 a
396 1489 470 1546 meis
488 1488 616 1547 consiliis
630 1487 761 1564 profecta
774 1488 912 1560 videatur,
927 1508 1022 1566 neque

72 1586 158 1646 valde
185 1606 369 1664 nego-sum
397 1588 476 1645 enim
503 1587 613 1646 avidior
641 1589 728 1646 etiam
757 1607 846 1666 quam
880 1590 948 1648 satis
979 1600 1023 1649 est

71 1685 241 1762 gloriae-3
264 1694 293 1744 et
306 1695 405 1744 tamen
424 1703 487 1742 non
509 1685 634 1742 alienum
654 1696 698 1744 est
713 1686 852 1762 dignitate
869 1696 926 1759 tua,
942 1688 1023 1764 quod

72 1783 132 1860 ipsi
158 1783 383 1859 Agamemnoni,
413 1801 516 1859 regum
543 1783 614 1859 regi,
642 1782 695 1842 fuit
723 1783 886 1855 honestum,
916 1786 1022 1844 habere

72 1882 201 1957 aliquem
236 1883 266 1939 in
294 1880 421 1938 consiliis
456 1881 604 1956 capiendis
638 1882 812 1954 Nestorem;
848 1884 919 1941 mihi
953 1902 1021 1943 vero

68 1980 234 2057 gloriosum
262 1992 289 2038 te
318 1979 451 2039 iuvenem
479 1979 629 2038 consulem
653 1979 756 2038 florere
781 1981 914 2040 laudibus
939 1983 1022 2057 quasi

69 2079 224 2139 alumnum
245 2079 414 2154 disciplinae
435 2097 528 2136 meae.
572 2098 598 2153 3.
621 2079 656 2138 L.
673 2078 793 2156 quidem
814 2078 930 2150 Caesar,
952 2099 1020 2138 eum

68 2178 199 2238 adeum
228 2186 379 2253 aegrotum
400 2177 557 2254 Neapolim
577 2177 730 2248 venissem,
753 2195 931 2254 quamquam
959 2189 1021 2238 erat

67 2293 231 2352 oppressus
246 2277 335 2335 totius
350 2276 480 2352 corporis
494 2275 652 2346 doloribus,
664 2284 762 2334 tamen
776 2284 852 2346 ante,
868 2293 956 2352 quarn
971 2295 1020 2336 me

66 2375 160 2452 plane
175 2375 313 2446 salutavit,
336 2374 383 2434 ‘O
403 2376 443 2432 mi
458 2373 580 2445 Cicero,’
602 2374 696 2450 inquit
718 2374 860 2450 ‘gratulor
877 2375 935 2445 tibi,
950 2392 1018 2434 cum

66 2482 186 2531 tantum
210 2473 287 2532 vales
316 2473 394 2548 apud
418 2471 610 2542 Dolabellam,
636 2481 777 2548 quantum
806 2471 830 2531 si
857 2490 914 2547 ego
939 2475 1019 2548 apud

66 2572 181 2630 sororis
192 2572 282 2631 filium
293 2572 426 2640 valerem,
440 2571 500 2628 iam
514 2569 583 2628 salvi
598 2587 662 2628 esse
677 2585 840 2646 possemus.
881 2569 1019 2629 Dolabel-

64 2672 116 2729 lae
128 2687 196 2729 vero
210 2681 260 2728 tuo
276 2679 304 2728 et
317 2669 446 2745 gratulor
459 2677 488 2727 et
502 2669 609 2744 gratias
623 2685 681 2744 ago
689 2687 697 2739 ;
720 2685 808 2744 quem
818 2667 936 2743 quidem
951 2681 1018 2746 post

64 2780 99 2828 te
129 2768 279 2827 consulem
307 2768 402 2826 solum
429 2785 587 2846 possumus
614 2786 681 2827 vere
716 2767 868 2826 consulem
902 2769 1016 2829 dicere.’

62 2866 187 2928 Deinde
203 2867 294 2926 multa
313 2867 350 2926 de
364 2868 441 2926 facto
459 2887 493 2927 ac
508 2868 544 2927 de
558 2886 588 2927 re
603 2876 685 2942 gesta
693 2884 701 2938 ;
724 2875 786 2924 tum
799 2866 869 2924 nihil
883 2869 1016 2944 magnili-

63 2965 192 3036 centius,
212 2966 283 3024 nihil
303 2965 476 3043 praeclarius
500 2975 599 3024 actum
619 2981 768 3040 umquam,
790 2963 860 3022 nihil
881 2966 921 3024 rei
942 2969 1016 3043 pub-

59 3066 142 3124 licae
156 3064 314 3123 salutarius.
355 3067 452 3142 Atque
466 3065 539 3124 haec
552 3083 612 3123 una
625 3081 682 3122 vox
696 3063 827 3122 omnium
842 3074 895 3125 est.
938 3086 965 3139 4.
987 3067 1016 3126 A

60 3175 95 3224 te
126 3172 223 3221 autem
251 3173 328 3241 peto,
356 3173 388 3222 ut
415 3181 463 3222 me
487 3163 562 3222 hanc
589 3163 675 3240 quasi
699 3161 802 3221 falsam
826 3163 1015 3225 hereditatem

59 3262 181 3324 alienae
200 3262 309 3338 gloriae
331 3261 412 3320 sinas
433 3280 550 3321 cernere
576 3278 682 3336 meque
706 3260 802 3336 aliqua
825 3273 963 3339 exparte
983 3266 1015 3322 in

58 3360 238 3420 societatem
260 3361 516 3437 tuarumlaudum
536 3360 633 3419 venire
657 3360 773 3437 patiare.
817 3361 1013 3438 Quamquam,

56 3459 106 3521 mi
122 3457 389 3520 Dolabella—haec
409 3459 487 3519 enim
501 3459 613 3519 iocatus
627 3477 742 3531 sum-,
756 3457 891 3517 libentius
908 3479 1013 3523 omnes

516 3575 626 3625 02.
