2436 3836
204 219 265 302 ²7⁶
476 227 514 278 nr.
541 227 662 276 ruam
682 225 874 276 crcanonnr
1053 213 1125 303 [nm
1139 231 1160 274 r.

201 389 335 454 feceram,
351 381 495 456 interrupi,
510 390 541 439 ut
559 380 684 456 spatium
699 379 735 438 ad
750 379 957 454 colligendum
979 399 1016 439 se
1031 381 1159 440 homines

202 484 341 543 haberent
365 491 394 538 et
417 496 473 553 ego
498 497 545 537 me
569 479 679 537 interea
703 495 769 536 curn
794 477 910 552 collega
936 481 1159 556 coniungerem.
1203 519 1205 588 ἵ

203 599 291 658 quern
314 578 417 648 triduo,
435 595 502 634 curn
525 576 577 634 has
600 576 707 635 dabam
728 575 843 646 litteras,
862 580 1101 651 exspectabam.
1140 599 1160 648 4.

203 677 367 738 Laterensis
388 675 479 732 nostri
500 685 528 732 et
544 673 632 732 fidem
653 685 681 731 et
699 673 828 731 animum
849 673 1047 748 singularem
1061 679 1094 735 in
1111 695 1161 734 ren

203 777 349 855 publicam
375 791 489 849 semper
514 771 643 842 sateb0r3
674 772 727 830 sed
750 781 826 829 certe
854 773 950 830 nimia
979 775 1052 834 eius
1078 777 1162 834 indul-

203 874 301 952 gentia
325 873 355 930 in
380 871 524 948 Lepidum
550 869 682 928 adhaec
707 869 833 945 pericula
857 871 1085 946 perspicienda
1107 874 1162 932 lecit

204 992 271 1034 eum
292 973 388 1029 minus
410 987 552 1045 sagacem.
596 968 655 1040 Qui
676 969 794 1044 quidem
816 987 883 1026 cum
910 969 942 1026 in
971 970 1119 1030 fraudem
1139 991 1163 1030 se

205 1070 361 1130 deductum
375 1068 490 1138 videret,
505 1085 616 1136 manus,
632 1057 704 1143 quas
719 1067 818 1124 iustius
832 1067 861 1123 in
873 1065 987 1142 Lepidi
1003 1073 1163 1145 perniciem

205 1178 352 1238 armasset,
367 1169 421 1226 sibi
435 1166 545 1225 adferre
559 1177 682 1225 conatus
696 1175 758 1236 est;
780 1164 810 1220 in
825 1182 884 1240 quo
905 1183 982 1224 casu
999 1177 1111 1228 tamen
1129 1171 1162 1226 in·

204 1267 369 1345 terpellatus
390 1276 418 1324 et
437 1264 532 1323 adhuc
549 1265 616 1322 vivit
634 1274 663 1322 et
682 1263 783 1321 dicitur
797 1262 931 1320 victurus.
980 1264 1049 1325 Sed
1071 1279 1163 1326 tamen

206 1367 242 1425 de
257 1365 313 1424 hoc
327 1383 430 1442 parum
444 1363 513 1421 mihi
533 1371 643 1421 certum
661 1370 712 1420 est.
758 1374 784 1434 5.
805 1360 871 1435 Ego
885 1379 1003 1437 magno
1020 1384 1098 1423 cum
1117 1367 1162 1424 do-

205 1465 266 1522 lore
280 1463 486 1539 parricidarum
500 1461 614 1537 elapsus
630 1478 694 1518 sum
708 1459 760 1529 iis;
782 1459 937 1517 veniebant
952 1463 1039 1519 enim
1061 1465 1162 1522 eodem

206 1563 301 1620 lurore
324 1562 355 1617 in
379 1578 435 1631 me,
457 1577 516 1634 quo
541 1560 572 1616 in
594 1559 724 1633 patriam,
750 1556 864 1615 incitati.
907 1556 1093 1619 Iracundias
1118 1580 1161 1618 au·

206 1673 265 1719 tem
292 1659 394 1718 harum
422 1676 517 1716 rerum
546 1668 676 1714 recentes
703 1655 866 1713 habebant:
898 1657 983 1730 quod
1013 1657 1161 1734 Lepidum

206 1759 346 1834 castigare
371 1774 432 1815 non
456 1753 629 1824 destiteram,
648 1764 680 1813 ut
701 1755 896 1829 exstingueret
917 1754 1051 1827 bellum;
1083 1756 1159 1834 quod

206 1857 351 1934 colloquia
375 1856 450 1914 lacta
478 1854 680 1930 improbabam
692 1873 700 1924 3
726 1851 806 1928 quod
825 1852 942 1927 legatos
967 1853 1030 1912 fide
1057 1856 1158 1932 Lepidi

206 1957 313 2015 missos
333 1955 370 2014 ad
390 1973 438 2012 me
457 1955 487 2011 in
507 1961 697 2028 conspectum
715 1951 811 2008 venire
828 1961 994 2022 vetueram;
1019 1956 1106 2028 quod
1127 1954 1156 2013 C.

208 2047 325 2114 Catium
340 2054 502 2124 Vestinum,
517 2053 665 2110 tribunum
685 2049 751 2120 mil,
767 2049 888 2106 missum
906 2050 944 2105 ab
965 2049 1105 2110 Antonio
1124 2053 1157 2109 ad

207 2171 358 2212 eumcum
374 2152 473 2210 litteris
492 2167 684 2225 exceperam:
707 2149 810 2224 inquo
825 2146 900 2204 hanc
921 2148 1010 2222 capio
1026 2151 1155 2226 volupta-

207 2263 276 2325 tem,
291 2252 371 2327 quod
386 2260 470 2320 certe,
486 2267 544 2326 quo
559 2250 651 2324 magis
666 2265 713 2304 me
732 2247 900 2321 petiverunt,
914 2253 997 2302 tanto
1016 2250 1156 2306 maiorem

207 2354 242 2411 iis
266 2351 410 2409 frustratio
436 2348 566 2418 dolorem
586 2346 691 2422 attulit.
735 2345 762 2402 6.
786 2341 843 2413 Tu,
868 2343 908 2399 mi
933 2341 1053 2415 Cicer0,
1080 2347 1155 2422 quod

209 2449 303 2508 adhue
324 2447 423 2518 fecisti,
439 2432 657 2522 idempraesta,
672 2451 703 2500 ut
718 2441 867 2516 vigilanter
887 2458 1075 2518 nervoseque
1097 2464 1154 2514 nos,

209 2549 259 2625 qui
273 2557 383 2606 stamus
397 2547 426 2602 in
442 2546 512 2614 acie,
529 2543 679 2600 subornes.
721 2539 828 2596 Veniat
842 2537 949 2596 Caesar
968 2557 1038 2597 cum
1058 2545 1153 2619 copiis,

210 2664 283 2720 quas
304 2636 599 2712 habet'firmissimas,
615 2649 672 2710 aut,
689 2639 712 2696 si
732 2637 827 2714 ipsum
847 2637 943 2712 aliqua
964 2656 1010 2695 res
1029 2639 1153 2716 impedit,

210 2746 351 2804 exercitus
371 2743 515 2812 mittatur;
538 2739 618 2798 cuius
639 2738 728 2814 ipsius
751 2753 891 2811 magnum
912 2735 1076 2810 periculum
1099 2741 1153 2816 agi·
1202 2735 1203 2809 l

209 2851 269 2899 tur:
292 2840 429 2918 quicquid
444 2837 599 2914 aliquando
614 2835 741 2893 futurum
751 2834 805 2891 luit
818 2833 848 2890 in
863 2834 961 2890 castris
977 2837 1152 2909 perditorum

210 2949 310 2999 contra
326 2940 458 3015 patriam,
472 2936 529 2993 huc
548 2953 636 2992 omne
655 2935 713 2991 iam
733 2931 875 2990 convenit.
918 2929 975 2988 Pro
994 2933 1076 2992 urbis
1091 2953 1152 2994 vero

210 3038 301 3097 salute
322 3056 373 3096 cur
391 3056 452 3097 non
474 3035 610 3094 omnibus
627 3031 817 3100 facultatibus,
833 3047 905 3106 quas
926 3029 1082 3104 habemus,
1097 3047 1153 3092 uta-

210 3137 294 3196 mur?
316 3135 405 3208 Quod
425 3137 448 3193 si
463 3152 514 3192 vos
532 3133 595 3191 istic
616 3149 677 3188 non
697 3129 850 3198 defueritis,
865 3127 1007 3202 prosect0,
1023 3133 1106 3206 quod
1122 3133 1152 3190 ad

210 3255 257 3295 me
287 3235 395 3305 attinet,
423 3235 559 3293 omnibus
588 3232 673 3289 rebus
708 3229 824 3285 abunde
852 3226 892 3284 rei
921 3225 1057 3301 publicae
1091 3233 1151 3289 satis

210 3337 322 3397 faciam.
367 3345 392 3405 7.
418 3331 464 3390 Te
489 3330 615 3407 quidem,
637 3328 676 3385 mi
700 3325 813 3396 Cicero,
835 3323 866 3380 in
891 3323 953 3381 dies
976 3324 1150 3386 mehercules

210 3434 305 3491 habeo
320 3429 460 3488 cariorem
476 3425 740 3498 sollicitudinesque
755 3439 836 3480 meas
851 3421 978 3500 quotidie
998 3426 1094 3500 magis
1107 3437 1149 3484 tua
1196 3497 1201 3807 ⁴
