2432 3844
46 242 97 301 rp.
113 222 172 310 ια]
265 207 267 210 ’
291 237 403 289 rrrsr.
425 195 482 284 Ao
496 235 660 287 At't'lctsM
681 239 730 288 rr.
757 243 783 290 1.
968 239 1011 309 55

45 396 175 464 rissent,
189 392 316 470 impulsu
331 392 426 453 Clodii
444 413 511 453 mea
530 412 620 470 opera
639 392 774 452 frumenti
794 395 924 471 inopiam
945 415 1010 458 esse

46 493 228 564 clamarent,
243 511 312 550 cum
329 511 381 569 per
395 509 447 551 eos
462 493 524 552 dies
540 503 656 552 senatus
672 494 709 552 de
723 512 842 553 annona
855 494 1011 554 haberetur

46 600 81 648 et
95 590 140 648 ad
150 592 212 649 eius
223 591 459 667 procurationem
471 609 605 650 sermone
616 610 677 650 non
689 591 784 650 solum
795 591 897 666 plebis,
908 613 1009 653 verum

46 689 147 746 etiarn
170 690 316 748 bonorum
337 690 495 767 Pompeius
515 699 666 749 vocaretur
687 690 774 766 idque
795 690 858 765 ipse
881 704 1009 767 cuperet,

46 787 273 863 multitudoque
292 807 310 846 a
329 806 377 846 me
396 788 579 859 nominatim,
594 798 626 846 ut
645 788 675 846 id
696 788 894 859 decernerem,
908 800 1010 864 postu-

46 886 139 957 laret,
162 885 218 944 feci
242 895 271 944 et
295 895 429 945 accurate
454 887 629 944 sententiam
657 886 726 944 dixi.
768 885 846 944 Cum
874 888 1011 948 abessent

48 985 238 1056 consulares,
271 985 351 1060 quod
383 994 446 1043 tuto
480 1003 511 1043 se
546 994 685 1061 negarent
715 1002 803 1061 posse
839 988 1009 1046 sententiam

48 1084 166 1152 dicere,
201 1091 315 1158 praeter
352 1082 521 1142 Messallam
560 1092 588 1141 et
623 1083 787 1155 Afranium,
822 1083 932 1144 factum
966 1095 1010 1144 est

47 1191 180 1239 senatus
207 1181 371 1239 consultum
396 1181 426 1238 in
451 1199 547 1239 meam
572 1184 754 1254 sententiam,
774 1192 806 1241 ut
831 1201 898 1242 cum
922 1183 1009 1241 Pom-

47 1281 127 1356 peio
154 1291 287 1356 ageretur
313 1290 345 1338 ut
372 1298 438 1338 eam
465 1298 528 1338 rem
555 1281 713 1358 susciperet
740 1282 845 1358 lexque
874 1283 1008 1352 ferretur;

49 1397 120 1453 quo
144 1378 419 1438 senatusconsulto
443 1378 564 1437 recitato
590 1381 730 1440 continuo
755 1400 823 1441 cum
846 1399 928 1439 more
952 1380 1009 1440 hoc

50 1476 172 1534 insulso
186 1486 215 1534 et
228 1494 306 1535 novo
319 1477 455 1552 plausum
469 1495 538 1536 meo
553 1479 672 1537 nomine
686 1479 836 1539 recitando
852 1479 1009 1550 dedissent,

50 1575 148 1633 habui
169 1575 336 1633 contionem
346 1594 354 1646 ;
377 1593 481 1634 omnes
500 1577 687 1652 magistratus
706 1587 874 1654 praesentes
896 1587 1010 1653 praeter

52 1691 153 1736 unum
168 1683 333 1748 praetorem
347 1682 376 1731 et
390 1674 465 1733 duos
480 1675 612 1734 tribunos
626 1675 664 1752 pl.
681 1676 831 1734 dederunt.
876 1690 901 1751 7.
924 1676 1009 1734 Post·

52 1772 132 1830 ridie
154 1781 271 1830 senatus
293 1771 429 1848 frequens
439 1792 447 1844 ;
470 1783 499 1831 et
517 1791 622 1833 omnes
641 1774 808 1833 consulares
828 1774 899 1832 nihil
920 1775 1008 1832 Pom-

53 1871 127 1948 peio
157 1869 315 1945 postulanti
342 1880 502 1945 negarunt3
531 1871 577 1930 ille
605 1872 718 1948 legatos
747 1872 915 1948 quindecim
940 1889 1009 1931 cum

54 1968 230 2045 postularet,
259 1986 306 2026 me
333 1968 496 2044 principem
524 1969 685 2029 nominavit
712 1978 742 2028 et
769 1972 810 2028 ad
834 1972 934 2029 omnia
961 1989 1009 2028 me

55 2068 183 2126 alterum
205 2084 235 2124 se
257 2065 319 2124 fore
340 2066 420 2125 dixit.
463 2067 576 2143 Legem
601 2068 737 2128 consules
762 2070 1008 2144 conscripsemnt,

55 2185 118 2244 qua
137 2165 282 2241 Pompeio
300 2183 353 2240 per
371 2167 603 2241 quinquennium
622 2167 718 2225 omnis
737 2175 866 2242 potestas
887 2166 929 2223 rei
950 2164 1008 2222 sru-

55 2265 218 2323 mentariae
239 2273 301 2322 toto
323 2264 394 2322 orbe
414 2273 555 2322 terrarum
576 2263 707 2335 daretur3
730 2263 849 2322 alteram
871 2261 1008 2333 Messius,

56 2365 109 2440 qui
124 2363 221 2421 omnis
236 2364 377 2439 pecuniae
392 2362 442 2420 dat
455 2371 631 2438 potestatem
645 2371 674 2419 et
688 2361 818 2437 adiungit
838 2361 961 2418 classem
981 2370 1010 2420 et

56 2461 219 2520 exercitum
228 2470 256 2518 et
266 2461 359 2518 maius
370 2461 524 2536 imperium
536 2461 566 2518 in
577 2459 741 2536 provinciiS,
752 2478 839 2536 quam
851 2459 888 2518 sit
898 2477 1009 2531 eorum,

56 2563 109 2638 qui
124 2577 175 2618 eas
194 2559 360 2618 obtineant:
375 2559 422 2616 illa
436 2567 536 2616 nostra
549 2557 595 2616 lex
610 2558 769 2617 consularis
783 2574 862 2617 nunc
876 2558 1011 2617 modesta

56 2659 179 2727 videtur,
194 2657 267 2715 haec
288 2655 391 2716 Messii
411 2675 473 2715 non
494 2657 621 2716 ferenda.
663 2656 821 2733 Pompeius
841 2657 919 2715 illam
937 2657 1010 2715 velle

58 2778 91 2817 se
114 2756 191 2826 dicit,
211 2754 365 2813 familiares
385 2753 469 2813 hanc.
512 2755 689 2814 Consulares
711 2755 785 2814 duce
806 2755 935 2813 Favonio
955 2754 1010 2813 fre·

58 2863 160 2925 munt;
183 2870 239 2911 nos
258 2861 396 2922 tacemus
415 2861 443 2910 et
464 2870 500 2910 eo
521 2853 624 2928 magis,
639 2852 719 2929 quod
740 2853 777 2912 de
799 2852 889 2911 domo
910 2862 1010 2911 nostra

59 2953 131 3011 nihil
158 2950 254 3010 adhuc
282 2950 435 3026 pontifices
463 2935 695 3027 responderunt:
724 2952 773 3026 qui
798 2951 821 3009 si
846 2951 1010 3010 sustulerint

59 3053 239 3128 religionem,
269 3067 366 3107 aream
395 3049 571 3125 praeclaram
602 3048 791 3122 habebimus;
828 3051 1009 3126 superficiem

60 3150 195 3211 consules
228 3167 265 3207 ex
296 3157 412 3206 senatus
441 3147 574 3206 consulto
603 3148 811 3207 aestimabunt:
848 3149 893 3207 sin
921 3149 1009 3220 aliter,

61 3249 262 3318 demolientur,
285 3264 339 3304 suo
363 3246 483 3304 nomine
507 3245 654 3316 locabunt‚
677 3263 738 3303 rem
760 3255 852 3304 totam
877 3248 1010 3306 aestima·

61 3353 140 3409 bunt.
184 3350 212 3404 8.
235 3345 280 3404 Ita
302 3353 369 3404 sunt
389 3362 436 3403 res
457 3353 582 3416 nostrae,
596 3353 629 3401 ut
649 3344 680 3400 in
701 3345 844 3415 secundis,
859 3344 963 3414 fluxae,
978 3355 1009 3402 ut

63 3451 91 3508 in
111 3445 249 3517 adversis,
262 3447 369 3504 bonae.
411 3442 447 3500 In
467 3462 498 3502 re
519 3442 652 3502 familiari
672 3441 755 3502 valde
777 3460 886 3514 sumus,
901 3452 932 3500 ut
953 3442 1011 3501 scis
