2432 3844
35 248 83 311 ap.
101 231 154 316 ra]
267 245 378 299 amer.
401 244 634 296 anarrinon
655 247 694 300 rr.
724 234 772 300 18.
942 251 983 318 29

36 421 96 478 ego
121 421 160 461 ne
185 403 255 462 illud
279 402 397 479 quidem
422 412 616 472 contemnam,
642 401 722 479 quod
746 412 906 462 extremum
931 413 982 462 est.

36 503 87 560 Te
104 503 137 559 in
155 501 288 576 Arpinati
305 501 465 560 videbimus
483 511 512 560 et
531 501 657 576 hospitio
676 501 780 577 agresti
799 502 984 578 accipiemuS,

36 601 180 678 quoniam
194 600 380 658 maritumum
393 599 450 658 hoc
465 599 671 676 contempsisti.

261 771 307 825 11.
350 766 408 826 AD
430 766 624 826 ATTICUM
645 766 686 828 11.
712 771 756 828 18.

211 879 277 940 Seu.
300 880 410 940 Rouau
423 898 516 940 unusn
531 881 616 941 Iuruo
638 900 723 942 auc.
746 885 814 957 695.

356 1006 459 1047 cronno
480 1007 587 1048 arrico
608 1007 669 1048 sau.

82 1121 108 1162 1.
133 1102 242 1162 Aecum
270 1102 378 1178 aliquot
402 1101 538 1178 epistolas
562 1111 635 1175 tuas,
661 1121 696 1162 ex
721 1104 824 1180 quibus
849 1103 983 1175 intellexi,

36 1220 130 1278 quarn
150 1219 293 1277 suspenso
313 1200 411 1258 animo
426 1210 454 1258 et
468 1201 589 1260 sollicito
608 1203 680 1260 scire
699 1219 806 1273 averes,
821 1203 889 1278 quid
909 1213 985 1263 esset

36 1301 125 1358 novi:
148 1308 279 1356 tenemur
293 1299 429 1375 undique,
444 1317 540 1376 neque
558 1301 615 1357 iam
634 1318 694 1376 quo
713 1301 809 1359 minus
829 1302 985 1361 serviamus

36 1416 218 1468 recusamus,
239 1397 290 1454 sed
309 1407 433 1456 mortem
447 1406 476 1455 et
489 1398 660 1457 eiectionem
679 1398 761 1475 quasi
775 1400 885 1457 maiora
903 1401 985 1458 time-

35 1515 115 1566 muS,
136 1514 213 1571 quae
232 1493 324 1554 multo
344 1505 409 1553 sunt
428 1496 560 1568 minora;
588 1506 674 1572 atque
694 1496 740 1554 hic
760 1503 800 1553 csl
818 1507 917 1567 statuS,
937 1499 986 1574 qui

36 1614 99 1653 una
114 1612 187 1652 voce
202 1594 333 1652 omnium
352 1594 475 1670 gemitur
495 1612 589 1670 neque
603 1595 691 1652 verbo
706 1595 876 1671 cuiusquam
892 1597 985 1655 suble-

36 1705 140 1751 vatur:
175 1694 272 1750 σκοπὸς
293 1701 344 1762 est,
366 1699 398 1749 ut
426 1691 564 1766 suspicor,
587 1693 650 1763 illis,
671 1692 721 1768 qui
748 1702 854 1763 tenent,
876 1694 985 1752 nullam

37 1795 179 1870 cuiquam
193 1791 375 1866 largitionem
393 1791 562 1867 relinquere.
604 1791 688 1849 Unus
707 1791 832 1868 loquitur
846 1800 875 1850 et
888 1795 985 1869 palam

38 1893 211 1950 adversatur
248 1889 416 1948 adulescens
454 1887 558 1948 Curio:
601 1890 667 1949 huic
705 1890 823 1966 plausus
857 1892 986 1961 maximi,

40 1989 236 2048 consalutatio
255 1987 378 2045 forensis
396 1986 616 2063 perhonorifica,
631 1990 714 2065 signa
731 1999 878 2064 praeterea
896 1991 986 2048 bene-

40 2088 186 2148 volentiae
205 2086 346 2161 permulta
365 2103 382 2142 a
401 2086 485 2143 bonis
504 2087 719 2162 impertiuntur;
744 2087 858 2145 Fufium
877 2071 986 2145 clamo-

40 2188 123 2244 ribus
144 2195 174 2243 et
195 2185 325 2244 convitiis
347 2192 375 2241 et
397 2182 485 2242 sibilis
506 2194 717 2242 consectantur.
758 2183 815 2242 His
839 2203 875 2242 ex
899 2186 985 2242 rebus

40 2303 105 2342 non
136 2301 213 2358 spes,
242 2282 293 2340 sed
321 2280 404 2339 dolor
436 2289 479 2340 est
510 2283 610 2352 maior,
644 2298 712 2339 curn
737 2280 835 2339 videas
868 2282 987 2339 civitatis

40 2382 221 2439 voluntatem
244 2380 375 2452 solutam,
398 2381 529 2439 virtutem
551 2379 703 2454 alligatam.
749 2397 773 2436 a.
788 2378 833 2437 Ac
855 2396 893 2436 ne
912 2379 986 2437 forte

41 2495 167 2555 quaeras
180 2480 243 2534 κατὰ
255 2482 350 2535 λεπτὸν
368 2480 404 2539 de
423 2478 543 2554 singulis
561 2479 655 2549 rebus,
673 2476 805 2536 universa
823 2495 868 2535 res
888 2494 924 2536 eo
943 2487 987 2536 est

41 2577 179 2648 deducta,
198 2593 265 2652 spes
283 2585 315 2634 ut
333 2578 412 2637 nulla
430 2579 466 2636 sit
485 2577 640 2654 aliquando
660 2596 720 2637 non
742 2576 832 2635 modo
851 2575 985 2652 privatos,

40 2693 145 2734 verum
170 2674 256 2732 etiam
284 2676 466 2752 magistratus
493 2675 598 2734 liberos
625 2677 694 2735 fore.
737 2676 804 2734 Hac
832 2684 929 2733 tamen
956 2674 987 2733 in

41 2773 237 2851 oppressione
257 2791 352 2832 sermo
366 2775 396 2831 in
410 2773 521 2833 circulis
541 2776 689 2834 dumtaxat
703 2775 775 2833 etin
789 2773 924 2832 conviviis
944 2783 987 2832 est

41 2873 170 2944 liberior,
184 2891 273 2948 quam
287 2872 340 2932 fuit
348 2893 356 2946 ;
377 2874 491 2932 vincere
505 2873 604 2949 incipit
618 2875 752 2932 timorem
765 2872 857 2943 dolor,
872 2872 925 2930 sed
938 2871 987 2941 ita,

42 2981 76 3031 ut
105 2971 206 3029 omnia
235 2971 290 3030 sint
314 2971 480 3048 plenissima
512 2971 727 3048 desperationis
769 2970 869 3029 Habet
901 2971 987 3029 etiam

43 3071 201 3146 Campana
218 3069 265 3128 lex
285 3071 511 3129 exsecrationem
524 3071 555 3128 in
569 3070 704 3128 contione
721 3069 947 3140 candidatorum,
964 3069 988 3127 si

43 3169 226 3228 mentionem
244 3167 372 3240 fecerint,
391 3187 449 3244 qua
468 3169 547 3226 aliter
565 3186 634 3244 ager
652 3167 832 3243 possideatur
850 3177 937 3244 atque
955 3176 988 3226 ut

44 3288 82 3327 ex
102 3267 215 3342 legibus
233 3265 329 3324 Iuliis:
354 3285 416 3325 non
435 3266 564 3325 dubitant
582 3267 675 3324 iurare
695 3266 797 3337 ceteri;
823 3264 988 3324 Laterensis

44 3366 225 3426 existimatur
257 3365 332 3423 laute
365 3364 475 3434 fecisse,
504 3365 583 3440 quod
615 3364 791 3421 tribunatum
818 3363 855 3438 pl
889 3372 987 3439 petere

45 3463 163 3536 destitit,
178 3482 215 3522 ne
229 3464 344 3525 iuraret.
386 3481 412 3538 3.
436 3461 495 3523 Sed
508 3463 544 3523 de
563 3481 593 3522 re
612 3461 728 3539 publica
745 3478 807 3520 non
825 3461 893 3521 libet
906 3459 988 3536 plura
