2452 3842
71 264 112 325 sp.
127 249 176 333 aa]
246 263 360 317 srrsr.
382 262 432 312 An
454 263 676 313 rsnrrranss
697 263 755 312 xv.
782 263 830 332 15.
945 246 1005 331 185

70 423 99 470 at
123 421 194 470 certe
223 423 355 472 nostrum
383 413 521 472 iudicium
551 413 662 472 definiri
691 413 853 472 convenire.
901 409 1006 486 Neque

69 511 214 587 quisquam
228 511 303 570 hanc
323 522 453 570 nostram
472 513 645 571 sententiam
663 529 729 570 vere
748 528 888 586 umquam
907 528 1005 585 repre-

68 609 164 667 hendit
189 621 301 685 praeter
329 628 390 680 eos,
416 611 466 686 qui
494 611 667 669 arbitrantur
694 609 797 667 melius
825 626 890 666 esse
918 607 1006 666 deleri

67 706 183 766 omniuo
203 725 266 764 rem
287 707 435 783 publicam
456 725 545 784 quam
566 708 751 766 imminutam
776 716 805 765 et
829 705 1006 764 debilitatam

66 823 195 863 manere:
216 823 273 881 ego
295 815 392 864 autem
412 824 449 863 ex
468 806 583 864 interitu
602 807 663 864 eius
677 805 786 863 nullam
800 821 884 880 spem
898 802 1006 861 scilicet

65 902 136 961 mihi
153 905 364 978 proponebam,
379 923 415 962 ex
434 905 560 981 reliquiis
573 922 722 980 magnam.
768 907 793 961 2‘.
816 901 875 961 Sed
889 920 924 960 ea
938 912 1006 959 sunt

65 1011 227 1074 consecuta,
239 1011 271 1060 ut
284 1003 379 1079 magis
392 1004 498 1061 mirum
513 1005 549 1063 sit
563 1003 694 1063 accidere
708 1002 754 1059 illa
768 1001 906 1079 potuisse,
916 1017 1005 1075 quam

63 1117 120 1158 nos
140 1105 198 1158 non
222 1100 327 1159 iidisse
352 1119 388 1160 ea
412 1101 508 1161 futura
532 1119 595 1174 nec,
615 1102 749 1160 homines
773 1117 842 1159 cum
866 1116 1005 1167 essemus,

62 1198 188 1256 divinare
215 1200 353 1275 potuisse.
400 1199 545 1278 Equidem
573 1200 665 1259 fateor
688 1217 786 1258 meam
810 1198 1006 1257 coniecturam

60 1297 139 1354 hanc
158 1296 254 1368 fuisse,
273 1309 305 1356 ut
326 1298 374 1357 illo
393 1300 476 1374 quasi
495 1301 626 1376 quodam
647 1298 725 1356 fatali
746 1297 858 1374 proelio
879 1295 956 1354 lacto
978 1303 1006 1352 et

59 1396 183 1454 victores
210 1398 359 1455 communi
388 1399 472 1456 saluti
500 1397 612 1457 consuli
639 1396 746 1455 vellent
774 1404 802 1453 et
829 1395 896 1453 victi
928 1411 1005 1464 suae,

59 1506 215 1570 utrumque
242 1506 339 1555 autem
367 1499 496 1573 positum
524 1516 588 1556 esse
616 1496 767 1554 arbitrarer
799 1495 829 1552 in
862 1493 1006 1552 celeritate

58 1593 191 1652 victoris:
227 1612 302 1670 quae
331 1597 355 1654 si
382 1595 492 1667 fuisset,
520 1596 646 1654 eandem
674 1594 860 1653 clementiam
887 1602 1006 1667 experta

56 1702 138 1750 esset
153 1692 259 1765 Africa,
274 1711 364 1770 quam
384 1695 522 1770 cognovit
542 1694 621 1764 Asia,
637 1711 726 1770 quarn
740 1692 828 1750 etiam
841 1690 953 1749 Achaia
966 1699 1004 1754 te,

57 1801 93 1849 ut
118 1792 231 1867 opinor,
253 1792 319 1868 ipso
344 1792 441 1869 legato
470 1812 505 1852 ac
534 1793 739 1868 deprecatore;
769 1790 882 1849 amissis
908 1799 1005 1848 autem

54 1890 247 1964 temporibus,
269 1908 344 1966 quae
369 1890 525 1966 plurimum
549 1889 653 1960 valent,
675 1889 844 1966 praesertim
869 1888 899 1945 in
923 1886 1005 1946 hellis

54 1989 198 2060 civilibus,
222 1989 407 2066 interpositus
432 2008 527 2049 annus
551 1989 624 2048 alios
651 1987 773 2057 induxit,
797 1997 829 2045 ut
856 1985 1005 2043 victoriam

53 2097 216 2163 sperarent,
238 2087 320 2159 alios,
341 2099 373 2146 ut
397 2089 495 2164 ipsum
522 2087 599 2146 vinci
627 2093 855 2145 contemnerent
908 2083 1004 2158 Atque

50 2188 165 2246 horum
185 2186 330 2245 malorum
351 2188 482 2245 omnium
503 2186 621 2262 culpam
642 2184 758 2243 fortuna
779 2183 914 2242 sustinet:
940 2181 1005 2258 quis

50 2285 138 2344 enim
167 2294 216 2343 aut
240 2284 432 2343 Alexandrini
459 2283 528 2343 belli
555 2293 666 2342 tantam
692 2301 807 2343 moram
834 2281 902 2339 huic
930 2278 1005 2337 bello

49 2383 228 2443 adiunctum
248 2384 282 2441 iri
302 2393 352 2442 aut
373 2384 474 2442 nescio
494 2402 583 2460 quem
603 2383 690 2441 istum
714 2381 893 2439 Pharnacem
916 2377 1004 2436 Asiae

47 2494 197 2541 terrorem
218 2482 362 2540 illaturum
386 2484 519 2558 putaret?
562 2503 590 2558 3.
614 2482 679 2542 Nos
704 2491 802 2540 tamen
826 2480 857 2537 in
882 2477 1004 2537 consilio

47 2581 120 2657 pari
136 2599 209 2639 casu
222 2581 352 2641 dissimili
366 2583 411 2640 usi
426 2599 543 2641 sumus:
558 2593 589 2640 tu
603 2583 682 2640 enim
696 2599 762 2640 eam
776 2588 888 2657 partem
899 2578 1004 2653 petisti,

44 2689 83 2737 ut
107 2688 137 2736 et
160 2681 289 2738 consiliis
308 2681 463 2740 interesses
484 2689 522 2752 et,
541 2680 622 2757 quod
646 2680 773 2738 maxime
797 2695 898 2736 curam
921 2677 1005 2746 levat,

41 2777 153 2836 futura
181 2778 280 2836 animo
309 2779 477 2855 prospicere
505 2797 625 2855 posses:
650 2797 716 2856 ego,
737 2778 787 2854 qui
812 2776 951 2846 festinavi,
973 2786 1005 2833 ut

43 2873 216 2934 Caesarem
240 2877 270 2933 in
298 2876 381 2934 Italia
408 2877 621 2936 viderem-sic
649 2877 728 2933 enim
756 2875 1005 2933 arbitrabamur-

42 2993 183 3050 eumque
203 2975 301 3034 multis
320 2975 532 3034 honestissimis
549 2975 616 3032 viris
637 2973 814 3033 conservatis
835 2972 1004 3032 redeuntem

39 3073 85 3130 ad
114 3090 225 3147 pacem
249 3083 422 3143 currentem,
443 3082 475 3130 ut
502 3073 590 3144 aiunt,
611 3072 770 3152 incitarem,
799 3073 838 3129 ab
865 3071 914 3129 illo
941 3072 1004 3128 lon·

37 3171 176 3246 gissime
191 3180 220 3228 et
234 3172 339 3230 absum
354 3181 382 3230 et
397 3171 463 3229 afui.
478 3173 481 3182 '
499 3171 610 3229 Versor
624 3179 721 3228 autem
736 3171 765 3227 in
780 3171 890 3246 gemitu
904 3169 1005 3228 Italiae

35 3279 71 3326 et
89 3267 123 3324 in
136 3268 220 3326 urbis
234 3267 402 3328 miserrimis
417 3269 549 3344 querelis,
561 3268 667 3344 quibus
681 3268 791 3345 aliquid
805 3269 869 3344 opis
883 3267 1003 3326 fortasse

33 3383 104 3442 ego
133 3383 194 3441 pro
217 3385 293 3438 mea,
315 3376 347 3424 tu
370 3384 425 3443 pro
449 3375 508 3438 tua,
529 3384 584 3442 pro
605 3384 659 3425 sua
679 3366 803 3443 quisque
824 3375 905 3443 parte
927 3364 1003 3422 ferre

30 3464 206 3542 potuisset,
226 3464 250 3524 si
272 3473 370 3524 auctor
390 3463 537 3523 adfuisset.
579 3482 607 3536 4.
629 3462 698 3536 Qua
718 3483 751 3523 re
770 3463 856 3522 velim
877 3479 931 3540 pro
953 3472 1002 3520 tua
