<?xml version="1.0" encoding="UTF-8"?>
<!DOCTYPE html PUBLIC "-//W3C//DTD XHTML 1.0 Transitional//EN"
    "http://www.w3.org/TR/xhtml1/DTD/xhtml1-transitional.dtd">
<html xmlns="http://www.w3.org/1999/xhtml" xml:lang="en" lang="en">
 <head>
  <title>
</title>
<meta http-equiv="Content-Type" content="text/html;charset=utf-8" />
  <meta name='ocr-system' content='tesseract 3.04.00' />
  <meta name='ocr-capabilities' content='ocr_page ocr_carea ocr_par ocr_line ocrx_word'/>
</head>
<body>
  <div class='ocr_page' id='page_1' title='image "./epistolaeselect00watsgoog_0024.png"; bbox 0 0 2432 3844; ppageno 0'>
   <div class='ocr_carea' id='block_1_1' title="bbox 40 242 1007 333">
    <p class='ocr_par' dir='ltr' id='par_1_1' title="bbox 40 242 1007 333">
     <span class='ocr_line' id='line_1_1' title="bbox 40 242 1007 333; baseline 0.004 -25"><span class='ocrx_word' id='word_1_1' title='bbox 40 263 92 324; x_wconf 76' lang='lat' dir='ltr'><strong>ap.</strong></span> <span class='ocrx_word' id='word_1_2' title='bbox 116 275 142 322; x_wconf 82' lang='grc' dir='ltr'><strong>ι,</strong></span> <span class='ocrx_word' id='word_1_3' title='bbox 162 242 205 333; x_wconf 53' lang='grc' dir='ltr'><strong>ι]</strong></span> <span class='ocrx_word' id='word_1_4' title='bbox 295 259 410 311; x_wconf 74' lang='lat' dir='ltr'><strong>error.</strong></span> <span class='ocrx_word' id='word_1_5' title='bbox 432 259 482 308; x_wconf 74' lang='lat' dir='ltr'><strong>An</strong></span> <span class='ocrx_word' id='word_1_6' title='bbox 502 260 667 310; x_wconf 72' lang='lat' dir='ltr'><strong>Arrrcurr</strong></span> <span class='ocrx_word' id='word_1_7' title='bbox 686 262 710 309; x_wconf 94' lang='lat'><strong>1.</strong></span> <span class='ocrx_word' id='word_1_8' title='bbox 728 264 758 311; x_wconf 90' lang='lat'><strong>2.</strong></span> <span class='ocrx_word' id='word_1_9' title='bbox 988 267 1007 333; x_wconf 86' lang='lat'><strong>3</strong></span> 
     </span>
    </p>
   </div>
   <div class='ocr_carea' id='block_1_2' title="bbox 39 409 1006 2748">
    <p class='ocr_par' dir='ltr' id='par_1_2' title="bbox 39 409 1006 2258">
     <span class='ocr_line' id='line_1_2' title="bbox 39 409 1006 489; baseline 0.005 -22"><span class='ocrx_word' id='word_1_10' title='bbox 39 411 118 468; x_wconf 90' lang='lat' dir='ltr'><strong>usui</strong></span> <span class='ocrx_word' id='word_1_11' title='bbox 151 410 185 468; x_wconf 91' lang='lat' dir='ltr'><strong>in</strong></span> <span class='ocrx_word' id='word_1_12' title='bbox 210 409 316 469; x_wconf 91' lang='lat' dir='ltr'><strong>nostris</strong></span> <span class='ocrx_word' id='word_1_13' title='bbox 344 410 538 486; x_wconf 84' lang='lat' dir='ltr'><strong>petitionibus</strong></span> <span class='ocrx_word' id='word_1_14' title='bbox 581 433 608 484; x_wconf 83' lang='lat'><strong>4.</strong></span> <span class='ocrx_word' id='word_1_15' title='bbox 631 411 708 472; x_wconf 89' lang='lat' dir='ltr'><strong>Sane</strong></span> <span class='ocrx_word' id='word_1_16' title='bbox 736 429 802 472; x_wconf 90' lang='lat' dir='ltr'><strong>sum</strong></span> <span class='ocrx_word' id='word_1_17' title='bbox 824 413 1006 489; x_wconf 90' lang='lat' dir='ltr'><strong>perturbatus</strong></span> 
     </span>
     <span class='ocr_line' id='line_1_3' title="bbox 42 507 1006 586; baseline 0.005 -21"><span class='ocrx_word' id='word_1_18' title='bbox 42 526 123 566; x_wconf 90' lang='lat' dir='ltr'><strong>cum</strong></span> <span class='ocrx_word' id='word_1_19' title='bbox 146 508 242 584; x_wconf 91' lang='lat' dir='ltr'><strong>ipsius</strong></span> <span class='ocrx_word' id='word_1_20' title='bbox 263 507 355 584; x_wconf 90' lang='lat' dir='ltr'><strong>Satyri</strong></span> <span class='ocrx_word' id='word_1_21' title='bbox 374 508 571 581; x_wconf 83' lang='lat' dir='ltr'>familiaritate,</span> <span class='ocrx_word' id='word_1_22' title='bbox 586 520 649 568; x_wconf 93' lang='lat' dir='ltr'><strong>tum</strong></span> <span class='ocrx_word' id='word_1_23' title='bbox 666 510 795 582; x_wconf 87' lang='lat' dir='ltr'><strong>Domitii,</strong></span> <span class='ocrx_word' id='word_1_24' title='bbox 815 510 846 568; x_wconf 89' lang='lat' dir='ltr'><strong>in</strong></span> <span class='ocrx_word' id='word_1_25' title='bbox 867 527 927 586; x_wconf 92' lang='lat' dir='ltr'><strong>quo</strong></span> <span class='ocrx_word' id='word_1_26' title='bbox 947 528 1006 570; x_wconf 92' lang='lat' dir='ltr'><strong>uno</strong></span> 
     </span>
     <span class='ocr_line' id='line_1_4' title="bbox 43 607 1005 668; baseline 0.006 -5"><span class='ocrx_word' id='word_1_27' title='bbox 43 607 189 664; x_wconf 83' lang='lat' dir='ltr'><strong>maxime</strong></span> <span class='ocrx_word' id='word_1_28' title='bbox 209 608 329 666; x_wconf 88' lang='lat' dir='ltr'>ambitio</span> <span class='ocrx_word' id='word_1_29' title='bbox 345 619 444 666; x_wconf 89' lang='lat' dir='ltr'><strong>nostra</strong></span> <span class='ocrx_word' id='word_1_30' title='bbox 462 609 567 668; x_wconf 90' lang='lat' dir='ltr'><strong>nititur.</strong></span> <span class='ocrx_word' id='word_1_31' title='bbox 609 609 815 668; x_wconf 88' lang='lat' dir='ltr'><strong>Demonstravi</strong></span> <span class='ocrx_word' id='word_1_32' title='bbox 835 608 909 668; x_wconf 91' lang='lat' dir='ltr'><strong>haec</strong></span> <span class='ocrx_word' id='word_1_33' title='bbox 930 607 1005 668; x_wconf 90' lang='lat' dir='ltr'><strong>Cae·</strong></span> 
     </span>
     <span class='ocr_line' id='line_1_5' title="bbox 45 704 1005 783; baseline 0.004 -21"><span class='ocrx_word' id='word_1_34' title='bbox 45 704 141 777; x_wconf 89' lang='lat' dir='ltr'><strong>cili0;</strong></span> <span class='ocrx_word' id='word_1_35' title='bbox 164 705 253 763; x_wconf 90' lang='lat' dir='ltr'><strong>simul</strong></span> <span class='ocrx_word' id='word_1_36' title='bbox 276 716 305 764; x_wconf 91' lang='lat' dir='ltr'><strong>et</strong></span> <span class='ocrx_word' id='word_1_37' title='bbox 329 705 398 766; x_wconf 89' lang='lat' dir='ltr'><strong>illud</strong></span> <span class='ocrx_word' id='word_1_38' title='bbox 418 707 541 779; x_wconf 90' lang='lat' dir='ltr'><strong>ostendi,</strong></span> <span class='ocrx_word' id='word_1_39' title='bbox 562 707 586 766; x_wconf 92' lang='lat' dir='ltr'><strong>si</strong></span> <span class='ocrx_word' id='word_1_40' title='bbox 607 707 670 783; x_wconf 89' lang='lat' dir='ltr'><strong>ipse</strong></span> <span class='ocrx_word' id='word_1_41' title='bbox 690 724 765 766; x_wconf 89' lang='lat' dir='ltr'><strong>unus</strong></span> <span class='ocrx_word' id='word_1_42' title='bbox 787 725 855 767; x_wconf 91' lang='lat' dir='ltr'><strong>cum</strong></span> <span class='ocrx_word' id='word_1_43' title='bbox 875 707 924 764; x_wconf 91' lang='lat' dir='ltr'><strong>illo</strong></span> <span class='ocrx_word' id='word_1_44' title='bbox 945 726 1005 766; x_wconf 91' lang='lat' dir='ltr'><strong>uno</strong></span> 
     </span>
     <span class='ocr_line' id='line_1_6' title="bbox 46 804 1005 877; baseline 0.002 -15"><span class='ocrx_word' id='word_1_45' title='bbox 46 804 258 875; x_wconf 82' lang='lat' dir='ltr'><strong>contenderet,</strong></span> <span class='ocrx_word' id='word_1_46' title='bbox 273 822 320 864; x_wconf 89' lang='lat' dir='ltr'><strong>me</strong></span> <span class='ocrx_word' id='word_1_47' title='bbox 341 806 368 863; x_wconf 92' lang='lat' dir='ltr'><strong>ei</strong></span> <span class='ocrx_word' id='word_1_48' title='bbox 388 805 456 864; x_wconf 88' lang='lat' dir='ltr'><strong>satis</strong></span> <span class='ocrx_word' id='word_1_49' title='bbox 476 805 618 864; x_wconf 87' lang='lat' dir='ltr'><strong>facturum</strong></span> <span class='ocrx_word' id='word_1_50' title='bbox 638 805 744 877; x_wconf 89' lang='lat' dir='ltr'><strong>luisse;</strong></span> <span class='ocrx_word' id='word_1_51' title='bbox 766 823 845 864; x_wconf 90' lang='lat' dir='ltr'><strong>nunc</strong></span> <span class='ocrx_word' id='word_1_52' title='bbox 865 805 895 862; x_wconf 92' lang='lat' dir='ltr'><strong>in</strong></span> <span class='ocrx_word' id='word_1_53' title='bbox 916 822 1005 864; x_wconf 87' lang='lat' dir='ltr'><strong>causa</strong></span> 
     </span>
     <span class='ocr_line' id='line_1_7' title="bbox 46 902 1003 978; baseline 0.002 -20"><span class='ocrx_word' id='word_1_54' title='bbox 46 903 259 960; x_wconf 89' lang='lat' dir='ltr'><strong>universorum</strong></span> <span class='ocrx_word' id='word_1_55' title='bbox 282 903 465 973; x_wconf 87' lang='lat' dir='ltr'><strong>creditorum,</strong></span> <span class='ocrx_word' id='word_1_56' title='bbox 489 902 641 962; x_wconf 90' lang='lat' dir='ltr'><strong>hominum</strong></span> <span class='ocrx_word' id='word_1_57' title='bbox 664 903 834 978; x_wconf 91' lang='lat' dir='ltr'><strong>praesertim</strong></span> <span class='ocrx_word' id='word_1_58' title='bbox 861 902 1003 978; x_wconf 90' lang='lat' dir='ltr'><strong>amplissi-</strong></span> 
     </span>
     <span class='ocr_line' id='line_1_8' title="bbox 47 1001 1003 1079; baseline 0.002 -21"><span class='ocrx_word' id='word_1_59' title='bbox 47 1018 184 1073; x_wconf 88' lang='lat' dir='ltr'><strong>morum,</strong></span> <span class='ocrx_word' id='word_1_60' title='bbox 210 1003 260 1079; x_wconf 93' lang='lat' dir='ltr'><strong>qui</strong></span> <span class='ocrx_word' id='word_1_61' title='bbox 282 1003 346 1062; x_wconf 88' lang='lat' dir='ltr'><strong>sine</strong></span> <span class='ocrx_word' id='word_1_62' title='bbox 366 1019 411 1074; x_wconf 89' lang='lat' dir='ltr'><strong>e0,</strong></span> <span class='ocrx_word' id='word_1_63' title='bbox 435 1020 523 1079; x_wconf 90' lang='lat' dir='ltr'><strong>quem</strong></span> <span class='ocrx_word' id='word_1_64' title='bbox 548 1001 691 1062; x_wconf 80' lang='lat' dir='ltr'>Caecilius</span> <span class='ocrx_word' id='word_1_65' title='bbox 713 1019 767 1062; x_wconf 91' lang='lat' dir='ltr'><strong>suo</strong></span> <span class='ocrx_word' id='word_1_66' title='bbox 795 1002 914 1060; x_wconf 91' lang='lat' dir='ltr'><strong>nomine</strong></span> <span class='ocrx_word' id='word_1_67' title='bbox 938 1021 1003 1078; x_wconf 92' lang='lat' dir='ltr'><strong>per-</strong></span> 
     </span>
     <span class='ocr_line' id='line_1_9' title="bbox 48 1098 1003 1176; baseline 0.003 -21"><span class='ocrx_word' id='word_1_68' title='bbox 48 1098 179 1171; x_wconf 88' lang='lat' dir='ltr'><strong>hiberet,</strong></span> <span class='ocrx_word' id='word_1_69' title='bbox 204 1099 288 1158; x_wconf 83' lang='lat' dir='ltr'><strong>facile</strong></span> <span class='ocrx_word' id='word_1_70' title='bbox 315 1118 434 1158; x_wconf 90' lang='lat' dir='ltr'><strong>causam</strong></span> <span class='ocrx_word' id='word_1_71' title='bbox 461 1117 648 1159; x_wconf 89' lang='lat' dir='ltr'><strong>communem</strong></span> <span class='ocrx_word' id='word_1_72' title='bbox 673 1101 854 1170; x_wconf 88' lang='lat' dir='ltr'><strong>sustinerent,</strong></span> <span class='ocrx_word' id='word_1_73' title='bbox 876 1118 1003 1176; x_wconf 89' lang='lat' dir='ltr'><strong>aequum</strong></span> 
     </span>
     <span class='ocr_line' id='line_1_10' title="bbox 50 1199 1003 1274; baseline 0.003 -19"><span class='ocrx_word' id='word_1_74' title='bbox 50 1216 120 1256; x_wconf 87' lang='lat' dir='ltr'><strong>esse</strong></span> <span class='ocrx_word' id='word_1_75' title='bbox 143 1217 215 1257; x_wconf 91' lang='lat' dir='ltr'><strong>eum</strong></span> <span class='ocrx_word' id='word_1_76' title='bbox 236 1208 265 1258; x_wconf 90' lang='lat' dir='ltr'><strong>et</strong></span> <span class='ocrx_word' id='word_1_77' title='bbox 284 1199 381 1258; x_wconf 92' lang='lat' dir='ltr'><strong>officio</strong></span> <span class='ocrx_word' id='word_1_78' title='bbox 404 1215 473 1256; x_wconf 89' lang='lat' dir='ltr'><strong>meo</strong></span> <span class='ocrx_word' id='word_1_79' title='bbox 498 1199 648 1256; x_wconf 90' lang='lat' dir='ltr'><strong>consulere</strong></span> <span class='ocrx_word' id='word_1_80' title='bbox 669 1208 697 1257; x_wconf 92' lang='lat' dir='ltr'><strong>et</strong></span> <span class='ocrx_word' id='word_1_81' title='bbox 721 1199 853 1274; x_wconf 84' lang='lat' dir='ltr'><strong>tempori.</strong></span> <span class='ocrx_word' id='word_1_82' title='bbox 895 1199 1003 1258; x_wconf 89' lang='lat' dir='ltr'><strong>Durius</strong></span> 
     </span>
     <span class='ocr_line' id='line_1_11' title="bbox 51 1297 1003 1374; baseline 0.002 -20"><span class='ocrx_word' id='word_1_83' title='bbox 51 1297 192 1374; x_wconf 84' lang='lat' dir='ltr'><strong>accipere</strong></span> <span class='ocrx_word' id='word_1_84' title='bbox 215 1297 272 1355; x_wconf 93' lang='lat' dir='ltr'><strong>hoc</strong></span> <span class='ocrx_word' id='word_1_85' title='bbox 299 1297 371 1355; x_wconf 90' lang='lat' dir='ltr'><strong>mihi</strong></span> <span class='ocrx_word' id='word_1_86' title='bbox 389 1298 467 1356; x_wconf 90' lang='lat' dir='ltr'><strong>visus</strong></span> <span class='ocrx_word' id='word_1_87' title='bbox 489 1305 532 1355; x_wconf 90' lang='lat' dir='ltr'><strong>est</strong></span> <span class='ocrx_word' id='word_1_88' title='bbox 556 1314 644 1371; x_wconf 89' lang='lat' dir='ltr'><strong>quarn</strong></span> <span class='ocrx_word' id='word_1_89' title='bbox 666 1297 768 1355; x_wconf 91' lang='lat' dir='ltr'><strong>vellem</strong></span> <span class='ocrx_word' id='word_1_90' title='bbox 790 1306 818 1354; x_wconf 91' lang='lat' dir='ltr'><strong>et</strong></span> <span class='ocrx_word' id='word_1_91' title='bbox 839 1314 927 1372; x_wconf 86' lang='lat' dir='ltr'><strong>quarn</strong></span> <span class='ocrx_word' id='word_1_92' title='bbox 949 1297 1003 1356; x_wconf 93' lang='lat' dir='ltr'><strong>ho·</strong></span> 
     </span>
     <span class='ocr_line' id='line_1_12' title="bbox 51 1395 1003 1470; baseline 0.001 -18"><span class='ocrx_word' id='word_1_93' title='bbox 51 1396 152 1454; x_wconf 90' lang='lat' dir='ltr'><strong>mines</strong></span> <span class='ocrx_word' id='word_1_94' title='bbox 173 1395 241 1454; x_wconf 91' lang='lat' dir='ltr'><strong>belli</strong></span> <span class='ocrx_word' id='word_1_95' title='bbox 262 1395 363 1466; x_wconf 89' lang='lat' dir='ltr'><strong>solent,</strong></span> <span class='ocrx_word' id='word_1_96' title='bbox 385 1404 414 1452; x_wconf 92' lang='lat' dir='ltr'><strong>et</strong></span> <span class='ocrx_word' id='word_1_97' title='bbox 434 1403 538 1470; x_wconf 89' lang='lat' dir='ltr'><strong>postea</strong></span> <span class='ocrx_word' id='word_1_98' title='bbox 558 1411 677 1470; x_wconf 88' lang='lat' dir='ltr'><strong>prorsus</strong></span> <span class='ocrx_word' id='word_1_99' title='bbox 697 1395 735 1451; x_wconf 89' lang='lat' dir='ltr'><strong>ab</strong></span> <span class='ocrx_word' id='word_1_100' title='bbox 755 1395 884 1453; x_wconf 88' lang='lat' dir='ltr'><strong>instituta</strong></span> <span class='ocrx_word' id='word_1_101' title='bbox 904 1407 1003 1455; x_wconf 90' lang='lat' dir='ltr'><strong>nostra</strong></span> 
     </span>
     <span class='ocr_line' id='line_1_13' title="bbox 51 1491 1002 1570; baseline 0.002 -20"><span class='ocrx_word' id='word_1_102' title='bbox 51 1511 221 1568; x_wconf 91' lang='lat' dir='ltr'><strong>paucorum</strong></span> <span class='ocrx_word' id='word_1_103' title='bbox 232 1493 342 1551; x_wconf 90' lang='lat' dir='ltr'><strong>dierum</strong></span> <span class='ocrx_word' id='word_1_104' title='bbox 356 1492 565 1550; x_wconf 91' lang='lat' dir='ltr'><strong>consuetudine</strong></span> <span class='ocrx_word' id='word_1_105' title='bbox 575 1492 663 1568; x_wconf 89' lang='lat' dir='ltr'><strong>longe</strong></span> <span class='ocrx_word' id='word_1_106' title='bbox 676 1491 796 1569; x_wconf 82' lang='lat' dir='ltr'><strong>refugit:</strong></span> <span class='ocrx_word' id='word_1_107' title='bbox 819 1494 910 1552; x_wconf 90' lang='lat' dir='ltr'><strong>abste</strong></span> <span class='ocrx_word' id='word_1_108' title='bbox 924 1505 1002 1570; x_wconf 91' lang='lat' dir='ltr'><strong>peto,</strong></span> 
     </span>
     <span class='ocr_line' id='line_1_14' title="bbox 54 1590 1003 1666; baseline 0 -18"><span class='ocrx_word' id='word_1_109' title='bbox 54 1601 87 1648; x_wconf 93' lang='lat' dir='ltr'><strong>ut</strong></span> <span class='ocrx_word' id='word_1_110' title='bbox 111 1591 186 1650; x_wconf 91' lang='lat' dir='ltr'><strong>mihi</strong></span> <span class='ocrx_word' id='word_1_111' title='bbox 209 1590 267 1651; x_wconf 93' lang='lat' dir='ltr'><strong>hoc</strong></span> <span class='ocrx_word' id='word_1_112' title='bbox 290 1591 426 1666; x_wconf 86' lang='lat' dir='ltr'><strong>ignoscas</strong></span> <span class='ocrx_word' id='word_1_113' title='bbox 448 1600 477 1648; x_wconf 92' lang='lat' dir='ltr'><strong>et</strong></span> <span class='ocrx_word' id='word_1_114' title='bbox 498 1609 547 1648; x_wconf 91' lang='lat' dir='ltr'><strong>me</strong></span> <span class='ocrx_word' id='word_1_115' title='bbox 568 1591 713 1650; x_wconf 86' lang='lat' dir='ltr'><strong>existimes</strong></span> <span class='ocrx_word' id='word_1_116' title='bbox 737 1590 915 1649; x_wconf 89' lang='lat' dir='ltr'><strong>humanitate</strong></span> <span class='ocrx_word' id='word_1_117' title='bbox 937 1608 1003 1649; x_wconf 87' lang='lat' dir='ltr'><strong>esse</strong></span> 
     </span>
     <span class='ocr_line' id='line_1_15' title="bbox 53 1688 1001 1765; baseline 0 -19"><span class='ocrx_word' id='word_1_118' title='bbox 53 1690 244 1765; x_wconf 87' lang='lat' dir='ltr'><strong>prohibitum,</strong></span> <span class='ocrx_word' id='word_1_119' title='bbox 259 1710 291 1748; x_wconf 83' lang='lat' dir='ltr'><strong>nc</strong></span> <span class='ocrx_word' id='word_1_120' title='bbox 307 1697 402 1747; x_wconf 81' lang='lat' dir='ltr'><strong>contra</strong></span> <span class='ocrx_word' id='word_1_121' title='bbox 423 1688 508 1747; x_wconf 89' lang='lat' dir='ltr'><strong>amici</strong></span> <span class='ocrx_word' id='word_1_122' title='bbox 526 1705 671 1748; x_wconf 89' lang='lat' dir='ltr'><strong>summam</strong></span> <span class='ocrx_word' id='word_1_123' title='bbox 689 1689 931 1747; x_wconf 88' lang='lat' dir='ltr'><strong>existimationem</strong></span> <span class='ocrx_word' id='word_1_124' title='bbox 949 1690 1001 1746; x_wconf 91' lang='lat' dir='ltr'><strong>mi-</strong></span> 
     </span>
     <span class='ocr_line' id='line_1_16' title="bbox 55 1787 1002 1864; baseline -0.001 -18"><span class='ocrx_word' id='word_1_125' title='bbox 55 1789 179 1846; x_wconf 84' lang='lat' dir='ltr'><strong>serrimo</strong></span> <span class='ocrx_word' id='word_1_126' title='bbox 198 1788 260 1846; x_wconf 88' lang='lat' dir='ltr'><strong>eius</strong></span> <span class='ocrx_word' id='word_1_127' title='bbox 276 1797 407 1864; x_wconf 90' lang='lat' dir='ltr'><strong>ternpore</strong></span> <span class='ocrx_word' id='word_1_128' title='bbox 428 1787 563 1857; x_wconf 89' lang='lat' dir='ltr'><strong>venirem,</strong></span> <span class='ocrx_word' id='word_1_129' title='bbox 584 1806 651 1845; x_wconf 91' lang='lat' dir='ltr'><strong>curn</strong></span> <span class='ocrx_word' id='word_1_130' title='bbox 672 1787 696 1846; x_wconf 94' lang='lat' dir='ltr'><strong>is</strong></span> <span class='ocrx_word' id='word_1_131' title='bbox 717 1789 817 1846; x_wconf 90' lang='lat' dir='ltr'><strong>omnia</strong></span> <span class='ocrx_word' id='word_1_132' title='bbox 835 1805 887 1846; x_wconf 88' lang='lat' dir='ltr'><strong>sua</strong></span> <span class='ocrx_word' id='word_1_133' title='bbox 907 1788 1002 1846; x_wconf 89' lang='lat' dir='ltr'><strong>studia</strong></span> 
     </span>
     <span class='ocr_line' id='line_1_17' title="bbox 56 1884 1002 1956; baseline 0.001 -12"><span class='ocrx_word' id='word_1_134' title='bbox 56 1897 86 1944; x_wconf 92' lang='lat' dir='ltr'><strong>et</strong></span> <span class='ocrx_word' id='word_1_135' title='bbox 106 1886 204 1944; x_wconf 89' lang='lat' dir='ltr'><strong>officia</strong></span> <span class='ocrx_word' id='word_1_136' title='bbox 223 1887 253 1944; x_wconf 91' lang='lat' dir='ltr'><strong>in</strong></span> <span class='ocrx_word' id='word_1_137' title='bbox 273 1904 321 1944; x_wconf 92' lang='lat' dir='ltr'><strong>me</strong></span> <span class='ocrx_word' id='word_1_138' title='bbox 342 1885 516 1944; x_wconf 90' lang='lat' dir='ltr'><strong>contulisset</strong></span> <span class='ocrx_word' id='word_1_139' title='bbox 559 1884 650 1956; x_wconf 91' lang='lat' dir='ltr'><strong>Quod</strong></span> <span class='ocrx_word' id='word_1_140' title='bbox 670 1887 695 1945; x_wconf 91' lang='lat' dir='ltr'><strong>si</strong></span> <span class='ocrx_word' id='word_1_141' title='bbox 715 1886 793 1945; x_wconf 91' lang='lat' dir='ltr'><strong>voles</strong></span> <span class='ocrx_word' id='word_1_142' title='bbox 814 1887 845 1943; x_wconf 93' lang='lat' dir='ltr'><strong>in</strong></span> <span class='ocrx_word' id='word_1_143' title='bbox 869 1904 917 1944; x_wconf 90' lang='lat' dir='ltr'><strong>me</strong></span> <span class='ocrx_word' id='word_1_144' title='bbox 937 1904 1002 1946; x_wconf 89' lang='lat' dir='ltr'><strong>esse</strong></span> 
     </span>
     <span class='ocr_line' id='line_1_18' title="bbox 57 1983 1001 2060; baseline 0 -18"><span class='ocrx_word' id='word_1_145' title='bbox 57 1985 163 2055; x_wconf 89' lang='lat' dir='ltr'><strong>durior,</strong></span> <span class='ocrx_word' id='word_1_146' title='bbox 186 1984 375 2043; x_wconf 89' lang='lat' dir='ltr'><strong>ambitionem</strong></span> <span class='ocrx_word' id='word_1_147' title='bbox 398 1984 515 2058; x_wconf 91' lang='lat' dir='ltr'><strong>putabis</strong></span> <span class='ocrx_word' id='word_1_148' title='bbox 536 1983 607 2042; x_wconf 88' lang='lat' dir='ltr'><strong>mihi</strong></span> <span class='ocrx_word' id='word_1_149' title='bbox 631 1985 793 2056; x_wconf 90' lang='lat' dir='ltr'><strong>obstitisse;</strong></span> <span class='ocrx_word' id='word_1_150' title='bbox 822 2002 879 2060; x_wconf 89' lang='lat' dir='ltr'><strong>ego</strong></span> <span class='ocrx_word' id='word_1_151' title='bbox 904 1995 1001 2042; x_wconf 88' lang='lat' dir='ltr'><strong>autem</strong></span> 
     </span>
     <span class='ocr_line' id='line_1_19' title="bbox 58 2081 1002 2158; baseline -0.002 -18"><span class='ocrx_word' id='word_1_152' title='bbox 58 2083 187 2153; x_wconf 85' lang='lat' dir='ltr'><strong>arbitror,</strong></span> <span class='ocrx_word' id='word_1_153' title='bbox 211 2083 298 2141; x_wconf 92' lang='lat' dir='ltr'><strong>etiam</strong></span> <span class='ocrx_word' id='word_1_154' title='bbox 320 2082 344 2140; x_wconf 94' lang='lat' dir='ltr'><strong>si</strong></span> <span class='ocrx_word' id='word_1_155' title='bbox 371 2081 402 2139; x_wconf 91' lang='lat' dir='ltr'><strong>id</strong></span> <span class='ocrx_word' id='word_1_156' title='bbox 429 2082 473 2153; x_wconf 92' lang='lat' dir='ltr'><strong>sit,</strong></span> <span class='ocrx_word' id='word_1_157' title='bbox 498 2082 569 2140; x_wconf 88' lang='lat' dir='ltr'><strong>mihi</strong></span> <span class='ocrx_word' id='word_1_158' title='bbox 597 2083 809 2158; x_wconf 89' lang='lat' dir='ltr'><strong>ignoscendum</strong></span> <span class='ocrx_word' id='word_1_159' title='bbox 837 2098 917 2142; x_wconf 82' lang='lat' dir='ltr'><strong>esse:</strong></span> <span class='ocrx_word' id='word_1_160' title='bbox 946 2085 1002 2139; x_wconf 76' lang='grc' dir='ltr'>ἐπεὶ</span> 
     </span>
     <span class='ocr_line' id='line_1_20' title="bbox 59 2181 1000 2258; baseline 0.002 -20"><span class='ocrx_word' id='word_1_161' title='bbox 59 2185 109 2255; x_wconf 73' lang='grc' dir='ltr'><strong>οὐχ</strong></span> <span class='ocrx_word' id='word_1_162' title='bbox 129 2183 221 2254; x_wconf 65' lang='grc' dir='ltr'>ἱερήϊον</span> <span class='ocrx_word' id='word_1_163' title='bbox 241 2183 299 2238; x_wconf 73' lang='grc' dir='ltr'><strong>οὐδὲ</strong></span> <span class='ocrx_word' id='word_1_164' title='bbox 319 2183 425 2256; x_wconf 71' lang='grc' dir='ltr'><strong>βοείην.Ι</strong></span> <span class='ocrx_word' id='word_1_165' title='bbox 453 2181 545 2240; x_wconf 90' lang='lat' dir='ltr'><strong>Vides</strong></span> <span class='ocrx_word' id='word_1_166' title='bbox 565 2183 652 2252; x_wconf 90' lang='lat' dir='ltr'><strong>enirn,</strong></span> <span class='ocrx_word' id='word_1_167' title='bbox 671 2183 701 2240; x_wconf 89' lang='lat' dir='ltr'><strong>in</strong></span> <span class='ocrx_word' id='word_1_168' title='bbox 722 2201 782 2258; x_wconf 89' lang='lat' dir='ltr'><strong>quo</strong></span> <span class='ocrx_word' id='word_1_169' title='bbox 804 2200 890 2240; x_wconf 93' lang='lat' dir='ltr'><strong>cursu</strong></span> <span class='ocrx_word' id='word_1_170' title='bbox 910 2183 1000 2240; x_wconf 90' lang='lat' dir='ltr'><strong>simus</strong></span> 
     </span>
    </p>

    <p class='ocr_par' dir='ltr' id='par_1_3' title="bbox 61 2279 1000 2357">
     <span class='ocr_line' id='line_1_21' title="bbox 61 2279 1000 2357; baseline -0.003 -18"><span class='ocrx_word' id='word_1_171' title='bbox 61 2293 89 2340; x_wconf 92' lang='lat' dir='ltr'><strong>et</strong></span> <span class='ocrx_word' id='word_1_172' title='bbox 116 2299 203 2357; x_wconf 87' lang='lat' dir='ltr'><strong>quam</strong></span> <span class='ocrx_word' id='word_1_173' title='bbox 231 2297 333 2339; x_wconf 92' lang='lat' dir='ltr'><strong>omnes</strong></span> <span class='ocrx_word' id='word_1_174' title='bbox 360 2279 466 2356; x_wconf 83' lang='lat' dir='ltr'><strong>gratias</strong></span> <span class='ocrx_word' id='word_1_175' title='bbox 493 2297 554 2337; x_wconf 90' lang='lat' dir='ltr'><strong>non</strong></span> <span class='ocrx_word' id='word_1_176' title='bbox 582 2280 673 2338; x_wconf 90' lang='lat' dir='ltr'><strong>modo</strong></span> <span class='ocrx_word' id='word_1_177' title='bbox 699 2279 872 2348; x_wconf 86' lang='lat' dir='ltr'><strong>retinendas,</strong></span> <span class='ocrx_word' id='word_1_178' title='bbox 900 2297 1000 2338; x_wconf 90' lang='lat' dir='ltr'><strong>verum</strong></span> 
     </span>
    </p>

    <p class='ocr_par' dir='ltr' id='par_1_4' title="bbox 62 2377 1000 2454">
     <span class='ocr_line' id='line_1_22' title="bbox 62 2377 1000 2454; baseline -0.002 -16"><span class='ocrx_word' id='word_1_179' title='bbox 62 2381 146 2438; x_wconf 87' lang='lat' dir='ltr'><strong>etiam</strong></span> <span class='ocrx_word' id='word_1_180' title='bbox 166 2378 356 2454; x_wconf 88' lang='lat' dir='ltr'><strong>acquirendas</strong></span> <span class='ocrx_word' id='word_1_181' title='bbox 370 2387 513 2454; x_wconf 89' lang='lat' dir='ltr'><strong>putemus.</strong></span> <span class='ocrx_word' id='word_1_182' title='bbox 557 2377 648 2454; x_wconf 89' lang='lat' dir='ltr'><strong>Spero</strong></span> <span class='ocrx_word' id='word_1_183' title='bbox 663 2378 713 2436; x_wconf 93' lang='lat' dir='ltr'><strong>tibi</strong></span> <span class='ocrx_word' id='word_1_184' title='bbox 734 2397 782 2438; x_wconf 91' lang='lat' dir='ltr'><strong>me</strong></span> <span class='ocrx_word' id='word_1_185' title='bbox 796 2395 914 2436; x_wconf 90' lang='lat' dir='ltr'><strong>causam</strong></span> <span class='ocrx_word' id='word_1_186' title='bbox 930 2396 1000 2454; x_wconf 93' lang='lat' dir='ltr'><strong>pro·</strong></span> 
     </span>
    </p>

    <p class='ocr_par' dir='ltr' id='par_1_5' title="bbox 62 2475 999 2553">
     <span class='ocr_line' id='line_1_23' title="bbox 62 2475 999 2553; baseline 0 -17"><span class='ocrx_word' id='word_1_187' title='bbox 62 2480 152 2548; x_wconf 89' lang='lat' dir='ltr'><strong>basse,</strong></span> <span class='ocrx_word' id='word_1_188' title='bbox 179 2476 267 2553; x_wconf 91' lang='lat' dir='ltr'><strong>cupio</strong></span> <span class='ocrx_word' id='word_1_189' title='bbox 291 2476 410 2552; x_wconf 90' lang='lat' dir='ltr'><strong>quidem</strong></span> <span class='ocrx_word' id='word_1_190' title='bbox 437 2485 522 2534; x_wconf 88' lang='lat' dir='ltr'><strong>certe.</strong></span> <span class='ocrx_word' id='word_1_191' title='bbox 566 2491 592 2548; x_wconf 94' lang='lat'><strong>5.</strong></span> <span class='ocrx_word' id='word_1_192' title='bbox 613 2475 813 2534; x_wconf 87' lang='lat' dir='ltr'><strong>Hermathena</strong></span> <span class='ocrx_word' id='word_1_193' title='bbox 839 2485 889 2534; x_wconf 91' lang='lat' dir='ltr'><strong>tua</strong></span> <span class='ocrx_word' id='word_1_194' title='bbox 916 2477 999 2536; x_wconf 89' lang='lat' dir='ltr'><strong>valde</strong></span> 
     </span>
    </p>

    <p class='ocr_par' dir='ltr' id='par_1_6' title="bbox 63 2574 998 2650">
     <span class='ocr_line' id='line_1_24' title="bbox 63 2574 998 2650; baseline 0.001 -16"><span class='ocrx_word' id='word_1_195' title='bbox 63 2595 109 2634; x_wconf 88' lang='lat' dir='ltr'><strong>me</strong></span> <span class='ocrx_word' id='word_1_196' title='bbox 129 2576 249 2634; x_wconf 85' lang='lat' dir='ltr'><strong>delectat</strong></span> <span class='ocrx_word' id='word_1_197' title='bbox 269 2583 298 2633; x_wconf 91' lang='lat' dir='ltr'><strong>et</strong></span> <span class='ocrx_word' id='word_1_198' title='bbox 313 2576 409 2650; x_wconf 87' lang='lat' dir='ltr'><strong>posita</strong></span> <span class='ocrx_word' id='word_1_199' title='bbox 429 2574 469 2632; x_wconf 90' lang='lat' dir='ltr'><strong>ita</strong></span> <span class='ocrx_word' id='word_1_200' title='bbox 489 2574 563 2635; x_wconf 88' lang='lat' dir='ltr'><strong>belle</strong></span> <span class='ocrx_word' id='word_1_201' title='bbox 583 2583 635 2644; x_wconf 88' lang='lat' dir='ltr'><strong>est,</strong></span> <span class='ocrx_word' id='word_1_202' title='bbox 655 2582 688 2631; x_wconf 92' lang='lat' dir='ltr'><strong>ut</strong></span> <span class='ocrx_word' id='word_1_203' title='bbox 704 2583 798 2632; x_wconf 91' lang='lat' dir='ltr'><strong>totum</strong></span> <span class='ocrx_word' id='word_1_204' title='bbox 814 2575 998 2650; x_wconf 89' lang='lat' dir='ltr'><strong>gymnasium</strong></span> 
     </span>
    </p>

    <p class='ocr_par' dir='ltr' id='par_1_7' title="bbox 64 2673 834 2748">
     <span class='ocr_line' id='line_1_25' title="bbox 64 2673 834 2748; baseline -0.004 -12"><span class='ocrx_word' id='word_1_205' title='bbox 64 2677 123 2736; x_wconf 89' lang='lat' dir='ltr'><strong>eius</strong></span> <span class='ocrx_word' id='word_1_206' title='bbox 134 2677 244 2748; x_wconf 69' lang='grc' dir='ltr'>ἀνάθημα</span> <span class='ocrx_word' id='word_1_207' title='bbox 258 2694 322 2735; x_wconf 90' lang='lat' dir='ltr'><strong>esse</strong></span> <span class='ocrx_word' id='word_1_208' title='bbox 335 2675 471 2734; x_wconf 91' lang='lat' dir='ltr'><strong>videatur.</strong></span> <span class='ocrx_word' id='word_1_209' title='bbox 513 2673 639 2733; x_wconf 91' lang='lat' dir='ltr'><strong>Multum</strong></span> <span class='ocrx_word' id='word_1_210' title='bbox 653 2682 681 2732; x_wconf 89' lang='lat' dir='ltr'><strong>te</strong></span> <span class='ocrx_word' id='word_1_211' title='bbox 695 2691 834 2733; x_wconf 87' lang='lat' dir='ltr'><strong>amamus</strong></span> 
     </span>
    </p>
   </div>
   <div class='ocr_carea' id='block_1_3' title="bbox 314 2851 756 3036">
    <p class='ocr_par' dir='ltr' id='par_1_8' title="bbox 314 2851 756 3036">
     <span class='ocr_line' id='line_1_26' title="bbox 314 2851 756 2913; baseline -0.002 0"><span class='ocrx_word' id='word_1_212' title='bbox 314 2859 341 2913; x_wconf 85' lang='lat'><strong>2.</strong></span> <span class='ocrx_word' id='word_1_213' title='bbox 383 2852 440 2912; x_wconf 92' lang='lat' dir='ltr'><strong>AD</strong></span> <span class='ocrx_word' id='word_1_214' title='bbox 467 2851 662 2912; x_wconf 88' lang='lat' dir='ltr'>ATTICUM</span> <span class='ocrx_word' id='word_1_215' title='bbox 689 2853 712 2912; x_wconf 91' lang='grc' dir='ltr'><strong>Ι.</strong></span> <span class='ocrx_word' id='word_1_216' title='bbox 731 2873 756 2912; x_wconf 85' lang='lat' dir='ltr'><strong>a.</strong></span> 
     </span>
     <span class='ocr_line' id='line_1_27' title="bbox 334 2960 725 3036; baseline -0.003 -16"><span class='ocrx_word' id='word_1_217' title='bbox 334 2961 399 3022; x_wconf 78' lang='lat' dir='ltr'><strong>Sca.</strong></span> <span class='ocrx_word' id='word_1_218' title='bbox 422 2960 531 3021; x_wconf 74' lang='lat' dir='ltr'><strong>Rouru</strong></span> <span class='ocrx_word' id='word_1_219' title='bbox 551 2979 634 3020; x_wconf 74' lang='lat' dir='ltr'><strong>auc.</strong></span> <span class='ocrx_word' id='word_1_220' title='bbox 657 2963 725 3036; x_wconf 86' lang='lat'>689.</span> 
     </span>
    </p>
   </div>
   <div class='ocr_carea' id='block_1_4' title="bbox 370 3086 681 3130">
    <p class='ocr_par' dir='ltr' id='par_1_9' title="bbox 370 3086 681 3130">
     <span class='ocr_line' id='line_1_28' title="bbox 370 3086 681 3130; baseline -0.006 -2"><span class='ocrx_word' id='word_1_221' title='bbox 370 3087 472 3130; x_wconf 80' lang='lat' dir='ltr'>CICERO</span> <span class='ocrx_word' id='word_1_222' title='bbox 492 3087 598 3128; x_wconf 79' lang='lat' dir='ltr'><strong>ATTICO</strong></span> <span class='ocrx_word' id='word_1_223' title='bbox 619 3086 681 3126; x_wconf 80' lang='lat' dir='ltr'>SAL.</span> 
     </span>
    </p>
   </div>
   <div class='ocr_carea' id='block_1_5' title="bbox 68 3173 1057 3630">
    <p class='ocr_par' dir='ltr' id='par_1_10' title="bbox 68 3173 1057 3630">
     <span class='ocr_line' id='line_1_29' title="bbox 107 3173 996 3259; baseline -0.001 -22"><span class='ocrx_word' id='word_1_224' title='bbox 107 3199 130 3236; x_wconf 90' lang='lat' dir='ltr'><strong>r.</strong></span> <span class='ocrx_word' id='word_1_225' title='bbox 149 3177 181 3252; x_wconf 81' lang='lat' dir='ltr'><strong>L.</strong></span> <span class='ocrx_word' id='word_1_226' title='bbox 195 3177 270 3236; x_wconf 93' lang='lat' dir='ltr'><strong>Iulio</strong></span> <span class='ocrx_word' id='word_1_227' title='bbox 285 3175 412 3236; x_wconf 87' lang='lat' dir='ltr'><strong>Caesare</strong></span> <span class='ocrx_word' id='word_1_228' title='bbox 427 3175 469 3254; x_wconf 44' lang='lat' dir='ltr'><strong>C.-</strong></span> <span class='ocrx_word' id='word_1_229' title='bbox 476 3175 590 3234; x_wconf 91' lang='lat' dir='ltr'><strong>Marcio</strong></span> <span class='ocrx_word' id='word_1_230' title='bbox 604 3175 707 3250; x_wconf 88' lang='lat' dir='ltr'><strong>Figulo</strong></span> <span class='ocrx_word' id='word_1_231' title='bbox 724 3175 894 3250; x_wconf 75' lang='lat' dir='ltr'><strong>consulibus</strong></span> <span class='ocrx_word' id='word_1_232' title='bbox 908 3173 996 3259; x_wconf 83' lang='lat' dir='ltr'><strong>filiolo</strong></span> 
     </span>
     <span class='ocr_line' id='line_1_30' title="bbox 68 3265 1057 3362; baseline -0.001 -27"><span class='ocrx_word' id='word_1_233' title='bbox 68 3295 111 3335; x_wconf 90' lang='lat' dir='ltr'><strong>me</strong></span> <span class='ocrx_word' id='word_1_234' title='bbox 131 3286 241 3336; x_wconf 89' lang='lat' dir='ltr'><strong>auctum</strong></span> <span class='ocrx_word' id='word_1_235' title='bbox 262 3277 334 3362; x_wconf 76' lang='lat' dir='ltr'><strong>scito</strong></span> <span class='ocrx_word' id='word_1_236' title='bbox 359 3276 436 3334; x_wconf 87' lang='lat' dir='ltr'><strong>salva</strong></span> <span class='ocrx_word' id='word_1_237' title='bbox 457 3274 603 3355; x_wconf 72' lang='lat' dir='ltr'><strong>Terentia</strong></span> <span class='ocrx_word' id='word_1_238' title='bbox 644 3274 707 3332; x_wconf 86' lang='lat' dir='ltr'><strong>Abs</strong></span> <span class='ocrx_word' id='word_1_239' title='bbox 727 3265 757 3332; x_wconf 83' lang='lat' dir='ltr'><strong>te</strong></span> <span class='ocrx_word' id='word_1_240' title='bbox 777 3275 907 3352; x_wconf 84' lang='lat' dir='ltr'><strong>tamdiu</strong></span> <span class='ocrx_word' id='word_1_241' title='bbox 927 3275 1000 3334; x_wconf 89' lang='lat' dir='ltr'><strong>nihil</strong></span> <span class='ocrx_word' id='word_1_242' title='bbox 1055 3293 1057 3296; x_wconf 85' lang='lat'>·</span> 
     </span>
     <span class='ocr_line' id='line_1_31' title="bbox 68 3351 998 3450; baseline -0.001 -17"><span class='ocrx_word' id='word_1_243' title='bbox 68 3377 228 3436; x_wconf 85' lang='lat' dir='ltr'><strong>litterarum?</strong></span> <span class='ocrx_word' id='word_1_244' title='bbox 251 3393 309 3450; x_wconf 89' lang='lat' dir='ltr'><strong>ego</strong></span> <span class='ocrx_word' id='word_1_245' title='bbox 330 3373 366 3432; x_wconf 92' lang='lat' dir='ltr'><strong>de</strong></span> <span class='ocrx_word' id='word_1_246' title='bbox 394 3374 467 3432; x_wconf 91' lang='lat' dir='ltr'><strong>meis</strong></span> <span class='ocrx_word' id='word_1_247' title='bbox 488 3373 526 3432; x_wconf 94' lang='lat' dir='ltr'><strong>ad</strong></span> <span class='ocrx_word' id='word_1_248' title='bbox 546 3383 574 3432; x_wconf 91' lang='lat' dir='ltr'><strong>te</strong></span> <span class='ocrx_word' id='word_1_249' title='bbox 601 3351 759 3432; x_wconf 58' lang='lat' dir='ltr'><strong>rationibus</strong></span> <span class='ocrx_word' id='word_1_250' title='bbox 781 3373 883 3450; x_wconf 89' lang='lat' dir='ltr'><strong>scripsi</strong></span> <span class='ocrx_word' id='word_1_251' title='bbox 911 3382 998 3434; x_wconf 87' lang='lat' dir='ltr'><strong>antea</strong></span> 
     </span>
     <span class='ocr_line' id='line_1_32' title="bbox 70 3466 997 3566; baseline -0.004 -32"><span class='ocrx_word' id='word_1_252' title='bbox 70 3466 211 3566; x_wconf 77' lang='lat' dir='ltr'><strong>diligenter.</strong></span> <span class='ocrx_word' id='word_1_253' title='bbox 275 3471 344 3534; x_wconf 92' lang='lat' dir='ltr'><strong>Hoc</strong></span> <span class='ocrx_word' id='word_1_254' title='bbox 389 3482 520 3548; x_wconf 89' lang='lat' dir='ltr'><strong>tempore</strong></span> <span class='ocrx_word' id='word_1_255' title='bbox 568 3469 731 3543; x_wconf 90' lang='lat' dir='ltr'><strong>Catilinam,</strong></span> <span class='ocrx_word' id='word_1_256' title='bbox 774 3472 997 3548; x_wconf 88' lang='lat' dir='ltr'><strong>competitorem</strong></span> 
     </span>
     <span class='ocr_line' id='line_1_33' title="bbox 168 3577 551 3630; baseline -0.01 2"><span class='ocrx_word' id='word_1_257' title='bbox 168 3577 191 3591; x_wconf 74' lang='grc'><strong>““</strong></span> <span class='ocrx_word' id='word_1_258' title='bbox 503 3589 551 3630; x_wconf 83' lang='lat' dir='ltr'><strong>aa</strong></span> 
     </span>
    </p>
   </div>
   <div class='ocr_carea' id='block_1_6' title="bbox 0 0 1246 3844">
    <p class='ocr_par' dir='ltr' id='par_1_11' title="bbox 0 0 1246 3844">
     <span class='ocr_line' id='line_1_34' title="bbox 0 0 1246 3844; baseline 0 0"><span class='ocrx_word' id='word_1_259' title='bbox 0 0 1246 3844; x_wconf 95' lang='lat' dir='ltr'><strong> </strong></span> 
     </span>
    </p>
   </div>
  </div>
 </body>
</html>
