2452 3842
212 232 271 296 186
480 245 520 297 ru.
546 245 665 294 rurrrr
686 243 875 295 cressonis
1027 233 1094 316 [rm
1108 247 1144 294 rv.

209 414 348 483 perpetua
361 421 430 481 erga
443 423 492 464 me
505 403 709 465 benevolentia
723 406 832 466 scribas
847 404 884 464 ad
898 422 954 474 me,
965 403 1037 480 quid
1048 404 1147 472 videas,

210 504 281 582 quid
305 505 421 575 sentias,
442 505 512 581 quid
537 505 774 582 exspectandum,
797 504 868 581 quid
892 503 1042 578 agendum
1069 504 1148 561 nobis

210 603 363 662 existimes
407 603 511 680 Magni
524 615 608 662 erunt
621 603 692 662 mihi
706 613 773 664 tuae
786 604 895 663 litterae
906 621 914 675 ;
937 611 1025 676 atque
1044 602 1149 658 utinam

210 702 311 778 primis
331 702 395 774 illis,
416 721 490 778 quas
511 702 636 761 Luceria
656 704 785 772 miseras,
806 701 986 778 paruissem!
1016 700 1079 760 sine
1099 699 1151 757 ulla

211 801 289 859 enim
303 801 436 860 molestia
450 801 620 878 dignitatem
634 819 730 860 meam
744 801 932 859 retinuissem.

438 959 484 1014 84.
529 956 588 1018 AD
609 957 805 1019 ATTICUM
826 957 894 1016 XII.
917 976 940 1014 1.

213 1071 329 1136 Senis
351 1070 496 1132 Anrmnrr
517 1073 836 1134 n.n.v111.KArrrrmrs
857 1072 957 1132 Iunis
979 1091 1069 1132 nuc.
1091 1075 1154 1145 708.

534 1199 637 1241 cremo
651 1199 758 1241 rrrrco
775 1199 837 1240 sm.

257 1313 280 1351 1.
296 1293 454 1355 Urorcmo
469 1294 516 1353 die
530 1305 686 1371 postquam
701 1313 719 1355 a
732 1306 761 1354 te
772 1294 972 1364 discesseram,
982 1293 1041 1352 hoc
1051 1293 1156 1352 litteru-

212 1392 305 1450 larum
320 1394 434 1451 exaravi
448 1394 601 1469 egrediens
620 1413 637 1452 e
656 1393 722 1453 villa
742 1403 809 1452 ante
828 1394 932 1462 lucem,
947 1402 1036 1468 atque
1056 1410 1095 1450 eo
1115 1393 1158 1450 die

213 1490 378 1565 cogitabam
392 1491 422 1549 in
436 1492 602 1567 Anagnin0,
617 1503 736 1569 postero
751 1502 848 1552 autem
861 1493 892 1549 in
907 1491 1101 1564 Tusculano;
1122 1491 1158 1548 ibi

213 1607 305 1647 unum
319 1588 406 1647 diem.
447 1609 474 1648 v.
486 1588 612 1650 Kalend.
627 1591 712 1667 igitur
727 1591 764 1650 ad
779 1591 967 1650 constitutum
974 1608 983 1662 ;
1004 1597 1096 1665 atque
1110 1590 1161 1648 uti·

213 1705 282 1744 nam
305 1687 443 1746 continuo
465 1688 503 1746 ad
524 1690 710 1764 complexum
731 1706 814 1748 meae
829 1688 952 1759 Tulliae,
967 1686 1005 1746 ad
1026 1687 1163 1746 osculum

214 1785 328 1844 Atticae
360 1787 471 1862 possim
504 1789 634 1846 curreret
669 1787 750 1864 quod
779 1787 898 1863 quidem
931 1787 1028 1862 ipsum
1058 1788 1164 1857 scribe,

214 1901 333 1959 quaeso,
355 1885 393 1944 ad
417 1901 473 1956 me,
495 1894 535 1957 ut,
558 1886 629 1944 dum
653 1887 781 1945 consisto
805 1887 836 1945 in
859 1885 1039 1955 Tusculano,
1063 1886 1168 1955 sciam,

214 1983 284 2058 quid
311 1985 424 2061 garriat,
454 1985 498 2044 sin
526 1985 685 2056 rusticatur,
710 1985 780 2062 quid
810 1985 916 2044 scribat
943 1984 981 2042 ad
1008 1993 1046 2054 te,
1080 1986 1169 2061 eique

214 2084 322 2142 interea
343 2093 392 2142 aut
411 2083 519 2141 scribes
538 2083 660 2142 salutem
680 2083 901 2154 aut'nuntiabis,
915 2083 1043 2158 itemque
1065 2081 1169 2141 Piliae.

214 2181 252 2240 Et
265 2192 373 2254 tamen,
384 2182 437 2240 etsi
449 2183 589 2240 continuo
604 2182 788 2258 congressuri
803 2199 913 2252 sumus,
927 2180 1037 2239 scribes
1051 2181 1096 2240 ad
1111 2201 1170 2253 me,

216 2283 240 2339 si
255 2280 325 2358 quid
339 2281 468 2339 habebis.

258 2401 283 2438 2.
306 2378 384 2438 Cum
398 2378 605 2454 complicarem
618 2377 696 2436 hanc
710 2377 871 2454 epistolem,
885 2377 1119 2437 noctuabundus
1136 2379 1173 2438 ad

216 2497 263 2538 me
277 2480 356 2537 venit
369 2496 438 2537 cum
452 2477 575 2553 epistola
589 2486 639 2535 tua
653 2475 826 2547 tabellarius,
836 2495 894 2553 qua
908 2475 982 2535 lecta
997 2475 1034 2533 de
1048 2475 1174 2537 Atticae

216 2576 353 2636 febricula
368 2577 475 2636 scilicet
488 2577 571 2636 valde
586 2575 673 2634 dolui.
712 2574 844 2652 Reliqua,
855 2594 931 2653 quae
946 2578 1174 2650 exspectabam,

217 2695 253 2734 ex
274 2677 330 2735 tuis
351 2677 448 2735 litteris
470 2676 596 2752 cognovi
620 2676 737 2748 omnia;
766 2674 818 2735 sed
841 2674 922 2752 quod
947 2674 1048 2734 scribis
1076 2675 1176 2753 ‘igni-

217 2773 314 2833 culum
328 2777 502 2835 maiuiinum
520 2773 681 2850 γεροντικόν,’
696 2778 907 2850 γεροπικῶτερον
927 2783 971 2833 est
991 2777 1178 2835 memoriola

217 2872 363 2933 vacillare:
392 2892 449 2950 ego
477 2875 557 2932 enim
584 2893 636 2932 1111.
662 2873 730 2933 Kal.
756 2873 834 2933 Axio
862 2874 1008 2943 dederam,
1032 2873 1093 2932 tibi
1125 2895 1181 2943 111„

219 2969 337 3043 Quinto,
354 2991 413 3049 quo
435 2973 482 3032 die
502 2973 655 3045 venissem,
670 2973 700 3032 id
721 2983 764 3033 est
784 2974 858 3049 prid.
879 2973 946 3032 Kal.
988 2970 1059 3030 Hoc
1085 2974 1181 3050 igitur

217 3066 348 3137 habebis,
361 3069 428 3126 novi
442 3067 521 3136 nibil.
554 3066 634 3138 Quid
648 3085 719 3144 ergo
732 3085 808 3143 opus
822 3077 882 3127 erat
897 3065 1039 3143 epistola?
1073 3067 1182 3140 Quid?

218 3185 286 3225 cum
300 3185 401 3226 coram
416 3184 516 3226 sumus
531 3176 559 3225 et
572 3167 715 3242 garrimus
727 3151 867 3244 quicquid
880 3168 910 3224 in
923 3167 1075 3225 buccam?
1125 3170 1183 3229 Est

218 3265 349 3342 profecto
364 3266 504 3342 quiddam
523 3268 616 3338 λέσχη,
631 3285 707 3343 quae
721 3253 817 3341 habet,
832 3267 919 3327 etiam
934 3265 960 3326 si
972 3265 1042 3324 nihil
1059 3270 1182 3340 subest,

220 3364 412 3422 collocutione
426 3364 491 3439 ipsa
505 3365 682 3424 suavitatem.
