2436 3836
59 237 195 324 ap.132.]
273 231 385 300 arrsr.
407 250 457 298 nn
477 223 702 299 nnnrrrnnas
723 252 756 302 x.
782 235 810 300 8.
951 253 1013 322 259

59 413 114 463 aut
129 402 279 462 sordidum
290 403 447 480 quicquam
460 403 520 480 pati
533 413 582 461 aut
596 402 793 478 perniciosum
804 405 1013 480 concupiscere

60 503 183 579 potest?
226 521 252 576 3.
276 500 334 560 Sed
362 501 542 577 aliquantum
570 501 656 559 nobis
687 499 827 575 temporis
856 510 884 558 et
913 505 1012 578 magni

61 600 182 658 labores
205 608 234 658 ct
261 599 368 657 multae
397 599 547 674 impensae
571 616 646 674 opus
669 597 792 670 fuerunt,
814 607 853 669 ut,
877 618 951 676 quae
972 603 1014 659 rei

61 698 200 774 publicae
215 699 360 774 bonisque
380 699 516 756 omnibus
535 697 746 774 polliceremur,
761 697 840 756 exitu
855 707 1013 773 praestare-

62 815 133 856 mus
148 816 243 874 neque
257 796 295 855 ad
309 796 448 855 auxilium
466 797 577 872 patriae
597 795 667 854 nudi
682 813 749 854 cum
763 797 844 854 bona
857 797 1012 869 voluntate,

63 895 120 954 sed
142 914 210 954 cum
237 894 418 954 facultatibus
446 896 659 954 accederemus.
702 893 929 954 Confirmandus
954 905 1014 954 erat

62 995 210 1053 exercitus
228 995 322 1066 nobiS,
337 994 451 1069 magnis
473 1012 560 1070 saepe
579 993 715 1070 praemiis
734 993 910 1064 sollicitatus,
924 1004 956 1052 ut
973 996 1011 1052 ab

64 1111 97 1151 re
112 1094 228 1170 publica
242 1093 338 1169 potius
352 1092 503 1152 moderata
516 1111 604 1170 quam
620 1093 657 1152 ab
670 1111 731 1151 uno
745 1092 857 1151 infinita
871 1104 998 1168 speraret
1003 1115 1012 1166 ;

64 1192 285 1251 confirmandae
307 1192 472 1269 complures
499 1193 636 1262 civitates,
661 1209 736 1267 quae
762 1192 909 1267 superiore
933 1211 1013 1252 anuo

64 1291 266 1367 largitionibus
287 1291 584 1367 concessionibusque
612 1289 807 1366 praemiorum
830 1299 912 1348 erant
939 1291 1012 1348 obli-

64 1400 161 1466 gatae,
185 1399 216 1448 ut
243 1399 275 1448 et
301 1389 348 1448 illa
371 1408 446 1447 vana
466 1399 601 1466 putarent
626 1398 655 1446 et
682 1387 785 1446 eadem
808 1406 826 1446 a
847 1388 1014 1449 melioribus

65 1488 233 1548 auctoribus
254 1488 381 1564 petenda
401 1487 615 1560 existimarent3
637 1486 796 1546 eliciendae
810 1487 897 1545 etlam
911 1489 1012 1548 volun-

65 1598 141 1649 tates
166 1586 351 1663 reliquorum,
372 1586 422 1662 qui
447 1587 575 1644 finitimis
599 1585 754 1662 provinciis
782 1587 1012 1664 exercitibusque

7 1759 8 1762 Ἴ
65 1685 261 1764 praefuerunt,
277 1696 309 1744 ut
322 1685 419 1760 potius
439 1703 507 1744 cum
526 1685 656 1761 pluribus
674 1685 841 1744 societatem
856 1685 1012 1745 detenden-

66 1787 123 1845 dae
148 1783 285 1842 libertatis
306 1782 452 1854 iniremus,
467 1801 556 1859 quam
576 1800 643 1840 cum
663 1783 848 1858 paucioribus
866 1782 1012 1844 funestam

7 1945 9 1950 .
67 1883 134 1945 orbi
162 1892 300 1940 terrarum
323 1880 473 1938 victoriam
495 1880 674 1955 partiremur.
718 1897 744 1951 4.
766 1879 919 1940 Muniendi
943 1901 1011 1942 vero

7 1977 9 2050 ᾗ
66 1979 264 2056 nosmetipsi
287 1977 395 2037 suimus
417 1987 503 2036 aucto
526 1978 654 2036 exercitu
682 1977 851 2054 auxiliisque
878 1981 1012 2057 multipli-

7 2071 12 2152 ᾗ
66 2081 148 2149 catis,
172 2087 212 2148 ut,
238 2095 306 2136 cum
333 2077 542 2154 praeferremus
571 2094 674 2135 sensus
705 2088 810 2152 aperte,
835 2087 898 2136 tum
925 2081 1012 2138 etiam

7 2173 14 2250 j
66 2177 164 2237 invitis
177 2175 351 2252 quibusdam
372 2175 445 2245 sciri,
461 2175 531 2251 quid
550 2175 693 2233 defensuri
708 2191 846 2245 essemus,
861 2194 921 2235 non
936 2189 1012 2236 esset

7 2267 14 2280 '
66 2274 271 2354 periculosum.
314 2273 360 2332 Ita
384 2290 546 2348 numquam
575 2272 717 2330 diffitebor
737 2272 827 2332 multa
846 2293 903 2346 me,
923 2286 955 2334 ut
974 2277 1013 2334 ad

66 2373 205 2446 effectum
235 2371 341 2430 horum
369 2371 557 2431 consiliorum
584 2371 774 2447 pervenirem,
802 2381 831 2430 et
861 2373 1011 2434 simulasse

7 2475 14 2549 3
65 2472 190 2531 invitum
218 2480 247 2529 et
271 2469 468 2529 dissimulasse
492 2469 691 2541 cumdolore,
717 2469 804 2546 quod,
830 2482 1011 2546 praematura

7 2565 15 2648 J
68 2569 249 2629 denuntiatio
264 2569 336 2626 boni
356 2569 424 2627 civis
439 2568 572 2645 imparati
592 2586 680 2644 quam
700 2567 861 2644 periculosa
875 2579 959 2641 esset,
975 2589 1011 2629 ex

67 2687 139 2729 casu
153 2666 281 2744 collegae
296 2666 438 2725 videbam.
482 2681 508 2740 5.
531 2665 600 2738 Quo
620 2669 739 2725 nomine
752 2668 840 2724 etiam
854 2667 887 2726 C.
902 2666 1010 2728 Furnio

7 2775 9 2780 ’
65 2771 172 2842 legato,
187 2765 247 2822 viro
268 2764 334 2823 forti
355 2774 443 2839 atque
465 2774 590 2836 strenuo,
606 2766 688 2841 plura
710 2766 796 2823 etiam
814 2767 902 2824 verbo
922 2784 1010 2842 quam

7 2875 8 2879 ’
67 2865 209 2941 scriptura
229 2862 367 2920 mandata
390 2862 532 2934 dedimus
546 2872 579 2920 ut
599 2871 629 2920 et
649 2863 751 2921 tectius
772 2861 809 2921 ad
830 2881 882 2921 vos
902 2863 1011 2940 perfer-

7 2944 13 2980 ³
67 2971 167 3024 rentur
180 2971 208 3020 et
228 2979 284 3020 nos
298 2979 429 3020 essemus
450 2961 578 3030 tutiores,
594 2962 755 3037 quibusque
776 2962 862 3020 rebus
880 2972 909 3021 et
929 2980 1010 3020 com·

67 3078 188 3122 munem
212 3059 333 3118 salutem
357 3060 462 3116 muniri
485 3068 513 3116 et
536 3077 591 3117 nos
616 3063 719 3118 armari
742 3059 905 3119 cenveniret
927 3079 1010 3136 prae-

7 3146 16 3223 r,
67 3160 207 3236 cepimus.
249 3158 295 3216 Ex
320 3176 379 3235 quo
407 3157 533 3233 intellegi
560 3166 656 3232 potest
683 3177 784 3216 curam
811 3159 852 3220 rei
878 3159 1011 3235 publicae

68 3275 181 3318 summe
209 3255 408 3315 defendendae
439 3257 497 3313 iarn
528 3256 640 3330 pridem
668 3257 748 3332 apud
775 3275 835 3319 nos,
858 3257 1009 3316 excubare.

7 3340 18 3444 ³.
70 3359 98 3414 6.
119 3355 214 3427 Nunc,
230 3373 297 3412 curn
317 3355 404 3412 deum
422 3353 600 3429 benignitate
616 3356 654 3414 ab
669 3356 749 3412 omni
768 3374 799 3414 re
813 3373 912 3413 sumus
926 3371 1009 3428 para-

7 3449 18 3538 ¹J
68 3455 165 3525 tiores,
186 3470 248 3512 non
275 3453 369 3512 solum
390 3455 464 3512 bene
487 3470 602 3529 sperare
623 3453 659 3513 de
680 3454 766 3512 nobis
793 3452 936 3522 homines,
958 3449 1010 3510 sed

513 3569 563 3611 sa

276 3685 286 3717 ἱ
