2432 3844
56 256 103 316 sp.
121 237 187 327 15]
281 254 393 304 aaran
413 253 462 301 ln
485 253 607 316 Qurnr.
627 253 733 306 saar.
754 256 778 304 r.
796 260 825 307 2.
977 260 1019 326 39

56 413 295 470 comburantur.
336 410 397 470 Eae
415 411 523 470 litterae
543 413 596 470 abs
616 421 645 470 te
665 430 717 489 per
737 412 834 470 iocum
855 412 960 471 missae
981 412 1018 470 ad

57 510 96 568 C.
112 511 261 582 Fabium,
276 511 300 569 si
319 511 409 569 modo
428 521 495 570 sunt
515 521 589 581 tuae,
605 529 671 570 cum
693 511 833 587 leguntur,
847 512 1018 570 invidiosam

57 609 258 667 atrocitatem
273 611 426 668 verborum
445 609 553 668 habent
562 628 572 681 ,·
594 621 621 682 7.
637 627 680 680 ac,
696 610 719 667 si
738 609 870 668 omnium
888 627 1018 668 mearum

55 717 234 783 praecepta
257 709 413 766 litterarum
437 716 561 784 repetes,
579 706 728 782 intelleges
753 725 816 765 esse
835 707 905 764 nihil
929 726 947 765 a
970 726 1018 766 me

57 807 124 864 nisi
147 807 291 865 orationis
310 807 494 865 acerbitatem
512 817 540 864 et
556 795 734 864 iracundiam
754 815 790 876 et,
808 806 832 863 si
852 805 934 876 forte,
954 824 1018 864 raro

56 903 236 962 litterarum
260 905 414 964 missarum
436 905 644 980 indiligentiam
668 903 888 980 reprehensam;
914 903 1018 978 quibus

58 1003 198 1078 quidem
212 1004 243 1060 in
257 1004 343 1062 rebus
358 1003 381 1062 si
396 1002 474 1078 apud
487 1013 515 1060 te
529 1003 594 1078 plus
609 1003 764 1060 auctoritas
781 1019 847 1060 mea
863 1020 951 1077 quarn
969 1013 1019 1062 tua

60 1101 132 1158 sive
151 1111 256 1159 natura
269 1101 356 1178 paulo
371 1101 462 1161 acrior
476 1102 535 1159 sive
549 1101 694 1176 quaedam
713 1099 835 1159 dulcedo
854 1099 1017 1159 iracundiae

61 1200 135 1258 sive
161 1199 278 1258 dicendi
298 1199 340 1259 sal
360 1199 537 1275 facetiaeque
558 1199 722 1270 valuissent,
743 1197 813 1256 nihil
838 1217 908 1257 sane
932 1208 1017 1270 esset,

62 1297 160 1374 quod
175 1314 230 1356 nos
243 1287 412 1372 poeniteret.
446 1296 485 1354 Et
499 1295 636 1355 mediocri
650 1315 697 1355 me
712 1297 811 1356 dolore
824 1307 909 1373 putas
923 1299 1017 1368 adfici,

63 1414 146 1453 cum
173 1394 298 1467 audiam,
319 1414 378 1471 qua
402 1396 438 1454 sit
461 1395 671 1455 existimatione
693 1395 844 1471 Vergilius,
867 1414 925 1472 qua
951 1406 1017 1455 tuus

62 1490 191 1547 vicinus
212 1488 246 1548 C.
264 1489 420 1549 Octavius?
442 1507 511 1548 nam
532 1489 557 1548 si
577 1497 605 1546 te
626 1489 808 1548 interioribus
829 1491 929 1550 vicinis
953 1493 1017 1563 tuh,

66 1586 225 1646 Ciliciensi
236 1597 264 1645 et
275 1587 403 1664 Syriaco,
413 1588 577 1662 anteponis,
586 1586 668 1645 valde
678 1604 818 1663 magnum
828 1588 916 1647 facis!
931 1599 1017 1666 atque

65 1687 94 1745 is
112 1686 201 1745 dolor
215 1695 267 1758 est,
276 1686 356 1762 quod
370 1704 437 1744 cum
451 1686 479 1756 ii,
488 1703 562 1762 quos
576 1685 732 1756 nominavi,
744 1696 772 1743 te
782 1687 947 1746 innocentia
957 1706 1018 1747 non

67 1787 205 1856 vincant,
217 1785 337 1843 vincunt
350 1793 448 1842 tamen
463 1783 583 1841 artificio
597 1783 815 1843 benevolentiae
829 1786 1018 1862 colligendae,

69 1886 127 1960 qui
142 1901 240 1958 neque
251 1881 359 1958 Cyrum
370 1882 576 1958 Xenophontis
586 1897 681 1959 neque
691 1882 859 1958 Agesilaum
870 1884 1002 1942 noverint
1010 1905 1018 1956 3

72 2000 206 2059 quorum
227 2000 330 2057 regum
351 1998 466 2040 summo
487 1980 608 2057 imperio
629 1999 717 2038 nemo
739 1998 879 2058 umquam
899 1983 1017 2040 verbum

71 2082 171 2140 ullum
185 2081 314 2156 asperius
327 2080 443 2139 audivit.

117 2178 177 2238 ΙΙΙ.
201 2181 226 2236 8.
251 2177 309 2236 Sed
322 2179 394 2237 haec
413 2197 431 2236 a
448 2178 590 2255 principio
609 2177 660 2235 tibi
679 2177 861 2252 praecipiens
880 2187 1018 2253 quantum

73 2277 261 2354 profecerim,
281 2294 340 2334 non
359 2277 480 2352 ignoro:
502 2293 581 2334 nunc
600 2283 700 2333 tamen
719 2275 873 2346 decedens,
892 2275 922 2333 id
938 2275 1018 2352 quod

74 2375 150 2434 mihi
164 2376 224 2433 iam
240 2374 335 2433 facere
349 2375 463 2446 videris,
477 2374 606 2450 relinque
621 2390 731 2447 quaeso
746 2390 834 2448 quam
848 2374 1019 2432 iucundissi-

73 2493 160 2534 mam
177 2474 348 2532 memoriam
370 2475 421 2532 tui.
464 2472 671 2532 Successorem
693 2472 783 2530 habes
805 2469 996 2548 perblandum
1008 2494 1015 2547 ;

74 2584 176 2633 cetera
198 2571 280 2630 valde
304 2572 378 2630 illius
404 2571 528 2630 adventu
552 2581 603 2630 tua
626 2571 814 2647 requirentur.
856 2571 892 2629 ln
920 2572 1018 2632 litteris

75 2670 236 2741 mittendis,
257 2676 291 2726 ul
309 2688 397 2748 saepe
417 2670 455 2728 ad
476 2678 504 2728 te
524 2670 634 2746 scripsi,
653 2669 774 2727 nimium
792 2678 821 2728 te
842 2671 1018 2730 exorabilem

77 2768 253 2847 praebuisti:
274 2768 341 2827 tolle
355 2787 467 2839 omnes,
482 2769 507 2825 si
525 2777 619 2845 potes,
634 2767 755 2843 iniquas,
771 2769 839 2826 tolle
860 2770 1017 2840 inusitatas,

77 2867 150 2926 tolle
179 2867 348 2927 contrarias.
392 2867 501 2926 Statius
529 2866 600 2923 mihi
629 2867 752 2924 narravit
781 2868 900 2943 scriptas
928 2868 965 2926 ad
992 2877 1020 2926 te

79 2967 172 3024 solere
200 2965 312 3037 adferri,
341 2967 377 3023 ab
406 2983 437 3024 se
464 2965 531 3040 legi,
559 2973 596 3035 et,
619 2963 643 3022 si
671 2964 786 3040 iniquae
814 2967 879 3038 sint,
901 2966 963 3024 fieri
991 2977 1019 3024 te

80 3065 249 3133 certiorem;
272 3074 427 3140 antequam
450 3081 518 3121 vero
546 3063 609 3138 ipse
637 3062 674 3120 ad
701 3072 729 3121 te
753 3064 885 3134 venisset,
908 3065 1019 3123 nullum

81 3163 225 3220 delectum
234 3163 391 3220 litterarum
403 3161 507 3234 fuisse3
523 3179 559 3219 ex
570 3178 606 3218 eo
618 3179 682 3218 esse
692 3161 839 3220 volumina
850 3163 1019 3221 selectarum

81 3262 276 3338 epistolarum,
288 3280 362 3338 quae
377 3260 548 3338 reprehendi
562 3259 695 3319 solerent.
736 3280 762 3336 9.
784 3261 852 3321 Hoc
866 3263 903 3322 de
913 3283 1019 3339 genere

81 3360 151 3418 nihil
165 3371 192 3418 te
207 3379 285 3420 nunc
294 3361 412 3437 quidem
426 3378 554 3433 mone03
572 3377 636 3418 sero
651 3370 694 3418 est
708 3360 793 3430 enim,
802 3379 836 3419 ac
851 3362 924 3420 seire
934 3371 1018 3436 potes

83 3460 172 3518 multa
184 3479 232 3519 me
246 3460 321 3520 varie
336 3461 542 3536 diligenterque
556 3459 721 3518 monuisse:
742 3457 811 3518 illud
825 3467 930 3530 tamen,
940 3459 1020 3535 quod
