2452 3842
43 211 92 270 rp.
115 191 185 281 114]
255 209 367 258 errsr.
391 209 440 257 Al)
461 210 683 259 murmanus
704 211 753 258 rr.
779 196 829 262 28.
942 209 1003 274 233

239 439 305 493 114.
347 434 405 494 AD
426 436 681 496 FAMILIARES
703 437 755 495 XI.
781 438 826 494 28.

148 548 214 608 Seu.
237 549 346 609 Romu
367 569 503 610 uxuuuru
523 570 618 610 uuusu
640 551 725 612 Maro
746 569 830 611 aue.
853 562 920 623 710.

243 657 245 661 ’
355 677 464 717 uanus
485 677 620 718 orcanour
641 676 702 718 sau.

98 793 127 830 1.
156 773 293 833 Manum
327 774 505 850 voluptatem
536 793 572 833 ex
601 776 657 834 tuis
686 775 784 834 litteris
813 774 886 849 cepi,
914 771 1003 847 quod,

45 890 145 947 quarn
163 889 312 947 speraram
329 882 416 948 atque
435 883 578 949 optaram,
594 873 699 932 habere
714 883 742 931 te
764 873 800 931 de
819 891 868 930 me
890 871 1004 946 opinio-

45 991 126 1030 nem
149 969 293 1048 cognom
316 972 353 1030 de
375 990 434 1047 qua
454 973 507 1030 etsi
528 991 590 1032 non
611 973 789 1043 dubitabam,
810 981 916 1041 tamen,
937 969 1005 1044 quia

45 1070 178 1128 maximi
203 1071 401 1141 aestimabam,
423 1081 455 1130 ut
479 1073 647 1149 incorrupta
667 1081 806 1143 maneret,
828 1071 1004 1129 laborabam.

48 1169 203 1228 Conscius
220 1179 318 1226 autem
337 1169 408 1226 mihi
423 1188 503 1228 eram
525 1170 595 1227 nihil
612 1188 630 1227 a
650 1189 699 1228 me
720 1171 911 1229 commissum
932 1185 1005 1235 esse,
1042 1166 1044 1172 ’

47 1268 138 1344 quod
166 1267 237 1324 boni
265 1267 436 1344 cuiusquam
467 1269 629 1327 offenderet
662 1269 809 1328 animum:
845 1285 881 1325 eo
909 1264 1006 1324 minus
1102 1258 1106 1266 '

48 1365 215 1424 credebam
245 1365 376 1440 plurimis
403 1376 490 1442 atque
525 1367 645 1441 optimis
680 1368 789 1425 artibus
823 1373 927 1424 ornato
955 1362 1006 1420 tibi

49 1475 167 1522 temere
182 1462 339 1539 quicquam
354 1465 521 1539 persuaderi
535 1467 673 1542 potuisse,
689 1466 859 1542 praesertim
873 1465 903 1520 in
917 1479 1005 1538 quern

49 1580 125 1620 mea
149 1579 296 1637 propensa
321 1572 349 1619 et
373 1573 514 1638 perpetua
536 1564 637 1623 fuisset
665 1573 751 1641 atque
780 1573 856 1630 esset
880 1564 1007 1620 benevo-

49 1660 162 1731 lentia;
194 1659 444 1735 quodquoniam,
470 1672 501 1720 ut
523 1663 608 1727 volui,
635 1664 696 1722 scio
721 1681 794 1735 esse,
819 1658 1006 1737 respondebo

50 1759 235 1829 criminibus
258 1758 363 1834 quibus
384 1770 415 1817 tu
439 1777 493 1836 pro
514 1778 571 1832 me,
593 1771 624 1818 ut
644 1780 697 1838 par
718 1771 779 1820 erat
799 1772 849 1818 tua
870 1756 1007 1833 singulari

49 1857 187 1915 bonitate
215 1866 244 1914 et
276 1857 401 1914 amicitia
435 1867 542 1930 nostra,
571 1877 658 1934 saepe
691 1859 826 1917 restitisti.
871 1876 896 1915 a.
928 1854 1007 1913 Nota

51 1957 138 2014 enim
152 1953 222 2011 mihi
237 1963 312 2023 sunt,
328 1972 402 2029 quae
417 1956 447 2012 in
462 1973 509 2014 me
527 1967 595 2032 post
609 1956 742 2035 Caesaris
762 1965 886 2014 mortem
906 1962 1008 2011 contu-

51 2056 158 2114 lerint:
180 2054 249 2112 vitio
271 2053 341 2111 mihi
362 2054 440 2126 dant,
459 2056 539 2131 quod
560 2067 684 2114 mortem
705 2056 832 2116 hominis
853 2050 1008 2111 necessarii

52 2154 183 2231 graviter
204 2152 265 2211 fero
287 2164 374 2228 atque
396 2171 472 2224 eum,
494 2172 582 2231 quem
604 2154 699 2226 dilexi,
719 2155 830 2230 perisse
850 2151 1006 2226 indignor;

53 2255 140 2311 aiunt
153 2250 232 2309 enim
246 2252 368 2326 patriam
384 2252 525 2311 amicitiae
538 2252 779 2329 praeponendam
796 2268 868 2321 esse,
884 2247 1007 2326 proinde

54 2370 91 2410 ac
116 2351 139 2408 si
156 2351 216 2408 iam
229 2351 348 2408 vicerint
369 2350 481 2409 obitum
503 2351 565 2408 eius
586 2345 773 2427 reipublicae
793 2350 880 2407 fuisse
898 2347 1007 2405 utilem.

55 2450 119 2508 Sed
147 2467 209 2506 nou
237 2467 324 2523 agam
353 2458 463 2507 astute:
499 2447 591 2507 fateor
618 2467 667 2507 me
700 2450 738 2508 ad
765 2450 852 2508 istum
885 2446 1008 2522 gradum

54 2547 218 2624 sapientiae
233 2565 293 2605 non
307 2549 489 2624 pervenisse;
512 2566 607 2625 neque
626 2549 707 2606 enim
725 2547 881 2606 Caesarem
900 2545 929 2602 in
951 2543 1007 2600 dis-

54 2645 197 2706 sensione
219 2645 292 2703 civili
314 2663 378 2704 sum
401 2656 526 2717 secutus,
549 2647 602 2704 sed
622 2648 758 2717 amicum,
778 2660 956 2719 quamquam
977 2659 1008 2697 re

55 2743 238 2814 offendebar‚
262 2755 360 2802 tamen
386 2763 447 2802 non
470 2743 593 2815 deserui,
617 2762 712 2820 neque
736 2743 845 2802 bellum
867 2757 1007 2816 umquam

55 2842 142 2902 civile
157 2852 206 2900 aut
221 2843 309 2902 etiam
329 2861 448 2902 causam
467 2842 656 2901 dissensionis
671 2841 799 2917 probavi,
814 2857 902 2916 quam
922 2838 1008 2896 etiam

55 2951 229 3000 nascentem
251 2943 397 3016 exstingui
422 2959 535 2999 summe
563 2939 668 2998 studui.
711 2938 812 3014 Itaque
837 2938 867 2995 in
892 2937 1009 2995 'victoria

56 3039 186 3099 hominis
207 3041 362 3099 necessarii
382 3057 478 3115 neque
493 3039 612 3096 honoris
634 3055 730 3112 neque
748 3036 889 3112 pecuniae
912 3034 1008 3093 dulce-

57 3140 129 3197 dine
157 3157 222 3196 sum
250 3148 360 3215 captus,
386 3140 490 3216 quibus
515 3137 650 3212 praemiis
674 3135 783 3210 reliqui,
809 3135 905 3192 minus
930 3131 1009 3208 apud

57 3253 128 3295 eum
153 3255 241 3313 quam
270 3256 327 3314 ego
354 3256 422 3295 eum
450 3244 579 3312 possent,
605 3233 794 3291 immoderate
823 3241 890 3290 sunt
917 3231 1009 3289 abusi.

59 3337 159 3410 Atque
182 3336 267 3394 etiam
293 3353 339 3394 res
360 3334 508 3394 familiaris
532 3351 598 3390 mea
619 3331 684 3408 lege
706 3331 838 3391 Caesaris
862 3330 1010 3388 deminuta

59 3444 113 3506 est,
130 3435 211 3493 cuius
225 3434 368 3493 beneficio
383 3434 519 3511 plerique,
536 3433 586 3509 qui
600 3430 733 3490 Caesaris
753 3440 845 3488 morte
859 3429 1009 3496 laetantur,
