2452 3842
211 221 273 272 222
476 217 514 268 Μ.
542 217 660 268 Tuam
682 223 870 272 orosuorvrs
1051 209 1116 292 [rm
1130 222 1153 268 v.

398 451 464 508 107.
506 445 563 506 AD
584 447 839 510 FAMILIARES
861 450 912 509 XI.
942 470 966 511 1.

428 561 495 622 Seu.
517 581 611 624 nrusrr
631 566 738 624 Arnus
759 585 845 626 nuc.
868 579 938 640 710.

372 687 400 727 n.
422 686 535 728 saurus
556 687 653 730 usuro
674 689 728 730 suo
749 689 787 729 ar
808 689 903 731 csssro
924 689 989 730 sar.

254 801 278 840 r.
302 779 371 854 Quo
392 783 422 840 in
441 791 517 841 statu
537 784 635 856 simus,
658 785 847 861 cognoscite:
868 785 930 843 heri
951 785 1072 862 vesperi
1085 782 1155 861 apud

209 897 257 938 me
272 879 384 940 Hirtius
398 879 450 940 suit
458 900 466 952 ;
488 899 547 958 qua
560 893 658 942 mente
673 893 751 942 esset
769 883 923 954 Antonius,
938 882 1154 950 demonstravit,

210 978 337 1054 pessima
359 979 466 1038 scilicet
490 989 519 1037 et
546 980 750 1039 infidelissima
793 979 872 1040 Nam
899 998 931 1038 se
959 999 1066 1058 neque
1093 979 1158 1038 mihi

210 1077 388 1153 provinciam
402 1077 471 1137 dare
485 1097 574 1156 posse
589 1081 683 1139 aiebat
697 1099 792 1158 neque
807 1081 935 1139 arbitrari
957 1090 1025 1139 tuto
1048 1083 1080 1140 iu
1093 1082 1156 1138 urbe

211 1195 274 1236 esse
297 1195 475 1255 quemquam
497 1190 647 1253 nostrum3
670 1180 745 1238 adeo
766 1198 831 1239 esse
851 1179 973 1237 militum
995 1181 1157 1239 concitatos

210 1276 324 1334 animos
346 1285 375 1334 et
395 1275 503 1352 plebis:
524 1275 606 1353 quod
627 1287 782 1355 utrumque
800 1295 864 1336 esse
883 1275 988 1335 salsum
1013 1287 1091 1354 puto
1111 1293 1157 1334 vos

210 1374 438 1432 animadvertere
473 1384 560 1451 atque
594 1375 664 1433 illud
692 1394 757 1435 esse
790 1393 899 1447 verum,
928 1375 1012 1452 quod
1050 1375 1157 1434 Hirtius

210 1470 434 1542 demonstrabat,
449 1472 550 1531 timere
568 1491 637 1532 eum
658 1491 702 1546 ne,
718 1475 742 1533 si
763 1474 910 1533 mediocre
931 1473 1079 1533 auxilium
1100 1474 1157 1550 dig·

210 1569 305 1628 nitatis
319 1582 435 1629 nostrae
449 1569 659 1644 habuissemus,
675 1573 769 1632 nullae
783 1583 880 1648 partes
894 1571 938 1631 his
946 1571 977 1629 in
991 1591 1027 1630 re
1044 1572 1158 1650 publica

210 1666 446 1744 relinquerentur.
493 1692 516 1730 2.
540 1669 616 1730 Cum
638 1671 668 1728 in
688 1671 733 1729 his
754 1671 895 1747 angustiis
914 1687 1057 1743 versarer,
1073 1671 1159 1748 placi·

210 1776 272 1822 tum
286 1775 330 1824 est
343 1767 414 1826 mihi
428 1780 460 1828 ut
474 1769 650 1846 postularem
671 1770 849 1845 legationem
870 1769 988 1827 liberam
1004 1769 1083 1828 mihi
1098 1770 1159 1828 reli·

210 1865 332 1942 quisque
359 1869 473 1939 nostris,
503 1878 536 1926 ut
562 1868 657 1944 aliqua
686 1885 773 1927 causa
801 1866 1001 1944 proficiscendi
1033 1867 1159 1927 honesta

210 1975 401 2040 quaereretur.
444 1967 531 2026 Hanc
556 1985 587 2026 se
611 1967 832 2043 impetraturum
854 1965 997 2043 pollicitus
1023 1977 1081 2038 est,
1107 1984 1159 2024 nec

209 2073 308 2122 tamen
332 2064 551 2140 impetraturum
571 2065 710 2124 confido:
736 2074 817 2123 tanta
837 2074 880 2124 est
900 2064 1059 2122 hominum
1082 2066 1159 2124 inso-

210 2163 297 2221 lentia
311 2172 339 2222 et
359 2165 449 2222 nostri
470 2164 643 2236 insectati03
664 2182 699 2222 ac
720 2165 745 2222 si
765 2163 897 2222 dederint
917 2161 997 2240 quod
1019 2164 1158 2238 petimus,

209 2273 307 2320 tamen
321 2263 409 2338 paulo
430 2273 497 2338 post
517 2262 646 2320 futurum
668 2272 738 2339 puto
752 2271 784 2321 ut
805 2261 904 2344 hostes
924 2261 1092 2320 iudicemur
1114 2273 1160 2320 aut

210 2377 287 2436 aqua
300 2370 329 2418 et
343 2361 403 2436 igni
414 2361 500 2418 nobis
514 2361 708 2419 interdicatur.
753 2379 778 2434 3.
802 2359 883 2432 Quid
897 2377 967 2434 ergo
982 2368 1036 2429 est,
1052 2361 1159 2436 inquis,

210 2460 251 2518 tui
274 2460 408 2518 consiliii
440 2459 564 2518 Dandus
586 2469 630 2517 est
653 2458 735 2516 locus
759 2457 909 2530 fortunae,
931 2457 1104 2516 cedendum
1126 2476 1159 2516 ex

209 2559 299 2628 Italia,
315 2557 500 2635 migrandum
515 2557 655 2615 Rhodum
677 2567 727 2616 aut
745 2557 843 2633 aliquo
861 2567 1000 2614 terrarum
1014 2558 1157 2616 arbitror:

210 2657 233 2714 si
254 2657 356 2716 melior
370 2675 454 2717 casus
475 2657 568 2728 suerit,
582 2665 756 2715 revertemur
777 2655 923 2727 Romam;
945 2653 970 2712 si
990 2654 1158 2724 mediocris,

209 2755 239 2811 in
268 2756 368 2815 exsilio
395 2757 541 2830 vivemus;
571 2756 595 2814 si
622 2756 776 2832 pessimus,
797 2754 835 2812 ad
863 2753 1021 2812 novissima
1051 2755 1159 2812 auxilia
1198 2817 1199 2834 χ

210 2852 434 2914 descendemus.
478 2874 506 2928 4.
529 2853 684 2913 Succurret
706 2852 829 2911 fortasse
846 2851 904 2910 hoc
925 2850 991 2909 loco
1007 2850 1097 2910 alicui
1112 2870 1159 2909 ves
1198 2837 1199 2857 ¹

210 2962 295 3021 tnrm,
311 2969 362 3010 cur
380 2953 570 3012 novissimum
591 2961 705 3028 tempus
720 2961 923 3027 exspectemus
944 2950 1052 3026 potiuS,
1068 2968 1158 3027 quam

211 3067 289 3108 nunc
303 3048 411 3125 aliquid
426 3050 600 3109 moliamur?
626 3049 704 3121 Quia
719 3050 767 3108 ubi
782 3050 976 3107 consistamus
990 3065 1054 3106 non
1068 3049 1158 3108 habe-

210 3165 275 3205 mus
295 3156 409 3223 praeter
434 3147 501 3206 Sex.
522 3148 697 3223 Pompeium
719 3156 748 3205 et
768 3145 893 3205 Bassum
917 3145 1087 3218 Caecilium,
1111 3147 1158 3222 qui

209 3244 280 3302 mihi
302 3244 434 3302 videntur
460 3246 518 3304 hoc
544 3245 647 3304 nuntio
675 3245 712 3303 de
737 3243 863 3302 Caesare
891 3243 986 3302 adlato
1014 3242 1157 3302 firmiores

210 3343 295 3401 futuri
308 3363 316 3414 ;
340 3343 409 3400 satis
423 3353 555 3416 tempore
569 3342 607 3401 ad
626 3360 678 3400 eos
693 3341 874 3412 accedemus,
889 3342 938 3399 ubi
958 3341 1029 3418 quid
1044 3342 1157 3400 valcant

211 3440 366 3495 scierimus.
409 3437 467 3494 Pro
482 3437 585 3495 Cassio
605 3449 633 3496 et
654 3449 691 3509 te,
707 3439 732 3496 si
753 3437 822 3515 quid
841 3456 889 3496 me
906 3438 996 3496 velitis
1018 3440 1154 3515 recipere,
1196 3421 1197 3495 l
