2454 3842
194 213 234 296 78
464 225 503 276 rr.
528 223 648 274 rurrrr
669 223 856 274 creanorrrs
1020 205 1088 296 [rm
1102 222 1135 269 rr.

193 377 389 438 referebantur
403 377 441 436 ad
455 395 503 436 me
511 396 519 449 ς
542 375 592 454 qui
612 394 680 435 curn
700 376 748 434 illa
762 375 900 435 sentirent
920 374 952 432 in
965 391 996 432 re
1011 373 1133 449 publica,

1208 345 1210 432 l

193 495 268 554 quae
289 495 345 553 ego
367 477 501 553 agebam,
515 494 687 552 semperque
709 475 872 546 sensissent,
886 493 935 532 me
955 483 1055 532 tamen
1076 489 1138 530 non
1209 504 1210 507 η

152 646 155 654 ,
194 577 263 638 satis
290 576 384 634 lacere
409 575 552 650 Pompeio
572 573 787 650 Caesaremque
806 573 1038 632 inimicissimum
1065 568 1137 628 mibi

193 674 321 735 futurum
341 676 467 752 gaudere
488 693 529 768 se·
540 674 662 732 aiebant
705 672 776 732 Erat
795 673 853 732 hoc
873 672 944 730 mihi
969 669 1137 738 dolendum,

195 773 247 833 sed
273 774 364 832 multo
392 773 462 831 illud
489 773 591 848 magis
616 769 697 847 quod
724 771 872 831 inimicum
895 784 1137 828 meum-meum

194 873 313 932 autem?
334 873 424 930 immo
439 889 507 931 vero
521 871 627 946 legum,
642 870 821 942 iudiciorum,
836 869 895 942 otii,
909 869 1029 946 patriae,
1043 869 1139 926 bono·
1209 936 1210 951 χ

193 985 260 1025 rum
280 966 493 1026 omnium—sic
515 964 760 1041 amplexabantur,
783 965 874 1024 sicin
894 963 1030 1022 manibus
1052 961 1140 1020 babe-

193 1065 273 1135 bant,
288 1065 329 1123 sic
344 1064 488 1134 fovebant,
504 1063 545 1123 sie
561 1081 610 1120 me
629 1071 780 1137 praesente
794 1062 1008 1131 osculabantur,
1023 1078 1086 1119 non
1100 1059 1139 1116 illi
1209 1126 1210 1133 ,

195 1163 312 1239 quidem
326 1171 357 1220 ut
375 1162 446 1220 mihi
468 1161 650 1220 stomachum
675 1160 800 1220 facerent
823 1177 911 1238 quem
933 1178 991 1236 ego
1009 1159 1139 1218 funditus

195 1262 317 1339 perdidi,
344 1260 396 1319 sed
417 1271 494 1320 certe
514 1271 547 1318 nt
567 1261 662 1322 facere
684 1280 715 1320 se
736 1260 948 1320 arbitrarentur.
990 1257 1052 1316 Hic
1072 1275 1138 1334 ego,
1209 1315 1210 1318 ,

196 1369 337 1437 quantum
365 1359 493 1418 humano
516 1360 636 1419 consilio
664 1361 775 1420 efficere
803 1360 893 1437 potui,
921 1358 1139 1434 circumspectis

195 1461 281 1517 rebus
296 1459 368 1516 meis
382 1459 519 1518 omnibus
534 1460 750 1536 rationibusque
763 1458 911 1518 subductis
922 1475 1072 1516 summam
1084 1457 1140 1516 leci

196 1557 406 1633 cogitationum
419 1576 550 1616 mearum
565 1559 705 1629 omnium,
715 1576 803 1634 quam
817 1557 876 1627 tibi,
886 1556 910 1616 si
924 1566 1038 1631 poter0,
1047 1556 1140 1615 brevi-

195 1666 239 1714 ter
252 1673 407 1731 exponam.
452 1675 496 1715 11.
518 1654 593 1732 Ego,
609 1657 633 1715 si
648 1659 685 1715 ab
697 1656 838 1733 improbis
852 1663 881 1714 et
899 1654 1018 1730 perditis
1030 1656 1140 1714 civibus

196 1773 258 1814 rem
279 1754 424 1832 publicam
446 1756 535 1814 teneri
558 1756 694 1828 viderem,
716 1757 788 1814 sicut
811 1764 840 1814 et
861 1755 934 1813 meis
958 1755 1143 1830 temporibus

197 1853 304 1912 scimus
324 1863 353 1912 et
373 1872 434 1912 non
455 1855 539 1914 nullis
560 1856 622 1914 aliis
639 1855 786 1925 accidisse,
801 1872 863 1912 non
882 1853 973 1911 modo
994 1852 1141 1929 praemiis,

196 1969 271 2027 quae
289 1953 368 2029 apud
386 1971 433 2012 me
454 1954 607 2012 minimum
624 1954 729 2024 valent,
744 1953 796 2012 sed
817 1971 855 2012 ne
870 1950 1003 2029 periculis
1022 1952 1142 2028 quidem

197 2052 364 2128 compulsus
383 2052 457 2123 ullis,
472 2053 578 2128 quibus
600 2063 699 2112 tamen
716 2061 868 2110 moventur
887 2051 974 2109 etiam
992 2050 1149 2110 fortissimi·

196 2151 255 2222 viri,
282 2151 320 2210 ad
347 2169 448 2210 eorum
473 2169 591 2210 causam
617 2169 665 2209 me
694 2149 890 2226 adiungerem,
914 2168 952 2208 ne
977 2150 1000 2208 si
1027 2169 1143 2208 summa

197 2250 315 2326 quidem
330 2267 431 2309 eorum
449 2249 480 2306 in
500 2268 548 2307 me
569 2249 671 2309 merita
690 2258 862 2308 constarent
904 2248 980 2307 Cum
994 2260 1096 2308 autern
1113 2250 1143 2307 in

196 2366 227 2406 re
248 2349 364 2424 publica
383 2348 438 2407 Cn.
453 2347 611 2424 Pompeius
631 2348 768 2424 princeps
785 2358 869 2420 esset,
884 2349 926 2405 vir
945 2348 978 2419 is,
994 2349 1046 2424 qui
1068 2349 1142 2407 hanc

196 2449 358 2522 potentiam
380 2457 411 2506 et
433 2447 555 2523 gloriam
576 2446 710 2505 maximis
731 2447 762 2505 in
783 2465 844 2505 rem
864 2447 1010 2522 publicam
1032 2449 1142 2506 meritis

197 2544 506 2621 praestantissimisque
520 2547 606 2605 rebus
619 2547 709 2622 gestis
723 2555 799 2604 esset
813 2555 986 2604 consecutus
1000 2548 1143 2624 cuiusque

197 2658 255 2716 ego
260 2642 407 2718 dignitatis
416 2643 453 2701 ab
464 2645 658 2704 adulescentia
669 2644 771 2714 fautor,
780 2642 811 2700 in
820 2652 954 2719 praetura
962 2653 1061 2702 autern
1074 2647 1142 2704 etin

197 2741 348 2808 consulatu
362 2741 475 2800 adiutor
488 2743 574 2802 etiarn
589 2743 771 2813 exstitissem,
786 2760 912 2818 cumque
923 2742 1002 2800 idem
1015 2744 1143 2802 auctori-

197 2849 254 2898 tate
264 2849 292 2898 et
303 2841 443 2899 sententia
453 2860 506 2916 per
515 2861 554 2914 se,
565 2843 690 2901 consiliis
699 2851 727 2900 et
739 2840 839 2901 studiis
847 2850 952 2910 tecum,
962 2858 1010 2899 me
1019 2841 1142 2900 adiuvis-

197 2947 241 2997 set
252 2956 408 3014 meumque
422 2940 572 2999 inimicum
586 2959 677 2998 unum
691 2941 721 2998 in
732 2939 843 2998 civitate
854 2939 971 2999 haberet
981 2939 1143 3011 inimicum,

197 3055 258 3096 non
273 3038 370 3114 putavi
388 3037 498 3096 famam
518 3040 727 3098 inconstantiae
748 3038 819 3096 mihi
832 3037 1104 3115 pertimescendam,
1120 3038 1144 3096 si

196 3136 372 3214 quibusdam
391 3138 421 3195 in
441 3138 589 3197 sententiis
609 3137 728 3214 paulum
749 3155 797 3194 me
817 3137 1016 3196 immutassem
1029 3155 1142 3196 meam-

197 3253 254 3310 que
274 3235 453 3294 voluntatem
473 3236 510 3294 ad
533 3237 638 3294 summi
659 3235 710 3294 viri
731 3236 767 3295 de
789 3253 894 3312 meque
915 3237 1024 3312 optime
1047 3237 1142 3295 meriti

197 3334 367 3410 dignitatem
381 3334 594 3410 adgregassem.
641 3352 685 3393 12.
708 3333 746 3392 In
764 3332 819 3394 hac
839 3335 981 3392 sententia
994 3334 1142 3411 complec-

197 3431 303 3498 tendus
323 3439 384 3507 erat
404 3429 474 3487 mihi
492 3429 608 3501 Caesar,
622 3439 654 3489 ut
672 3429 761 3500 vides,
776 3429 806 3511 in
828 3430 984 3490 coniuncta
1003 3441 1033 3491 et
1053 3449 1143 3492 causa
