2452 3842
69 257 121 318 sp.
135 241 269 325 unna]
307 241 420 304 amsa
437 255 486 302 An
500 253 667 304 narretur
680 255 753 304 rra.
771 259 822 306 ar.
965 259 1027 324 229

70 407 149 480 Quo
162 406 240 466 iacto
255 407 423 485 intellegere
438 409 528 467 debes
543 409 572 467 in
592 418 621 468 te
635 409 762 486 positam
780 427 844 468 esse
859 428 921 467 rem
935 409 1029 486 publi-

71 525 145 565 cam
159 507 268 583 tibique
283 525 344 565 non
359 508 450 566 modo
466 509 599 579 tuendos
614 508 666 566 sed
688 509 775 566 etiam
794 508 943 567 ornandos
963 527 1028 566 esse

71 606 144 664 illos
156 607 240 676 viros,
257 607 395 682 aquibus
410 607 524 665 initium
538 607 676 674 libertatis
690 607 854 684 profectum
873 616 925 665 est.
970 606 1029 665 Sed

69 706 123 763 his
144 704 180 763 de
201 707 288 763 rebus
311 724 410 763 coram
431 705 514 782 plura
533 705 715 782 propediem,
730 715 761 762 ut
783 724 886 781 spero:
907 715 938 763 tu
954 723 1027 781 quo-

71 804 159 860 niam
177 821 239 861 rem
255 803 402 879 publicam
423 821 536 879 nosque
558 821 720 874 conservas,
735 803 782 861 fac
797 812 830 861 ut
843 803 1027 879 diligentissi-

71 921 127 960 me
141 911 169 960 te
183 903 288 978 ipsum,
304 903 343 960 mi
358 902 520 971 Dolabella,
535 901 692 961 custodias.

274 1028 340 1116 11'2.
381 1059 439 1117 AD
459 1056 656 1116 arricum
679 1057 761 1115 xrv.
786 1077 830 1116 21.

125 1171 191 1232 Scn.
214 1192 244 1232 m
265 1174 443 1232 Puruouauo
464 1193 492 1232 n.
507 1193 535 1231 n.
549 1192 576 1231 v.
598 1173 667 1231 Inus
688 1173 790 1232 Maras
808 1192 891 1234 nuc.
915 1185 982 1247 710.

432 1299 535 1340 cresso
556 1299 671 1340 arrrco.

125 1413 149 1452 1.
176 1394 246 1454 Cuu
270 1397 359 1472 paulo
385 1405 452 1454 ante
479 1395 624 1454 dedissem
650 1394 688 1454 ad
712 1404 740 1453 te
765 1393 858 1454 Cassii
880 1395 1028 1453 tabellario

73 1495 195 1564 litteras,
210 1514 237 1553 v.
252 1495 323 1552 Idus
345 1495 422 1553 venit
443 1505 542 1552 noster
566 1494 738 1565 tabellarius,
761 1503 789 1552 et
811 1493 938 1572 quidem,
959 1511 1030 1570 por·

74 1593 151 1650 tenti
170 1593 271 1664 simile,
286 1593 348 1651 sine
365 1593 422 1650 tuis
440 1593 557 1665 litteris3
581 1595 632 1652 sed
653 1595 711 1652 cito
732 1594 844 1652 conieci
859 1592 984 1651 Lanuvii
1001 1603 1028 1648 te

75 1689 177 1748 fuisse.
220 1689 297 1748 Eros
314 1701 410 1749 autem
426 1691 578 1763 festinavit,
593 1702 624 1749 ut
644 1692 681 1750 ad
701 1711 748 1750 me
767 1693 877 1750 litterae
891 1690 1029 1749 Dolabel-

74 1788 125 1846 lae
149 1788 350 1864 perferrentur,
374 1808 435 1847 non
459 1789 495 1846 de
520 1808 551 1847 re
579 1787 819 1848 mea-mondum
844 1790 922 1848 enirn
947 1803 1028 1846 meas

77 1898 284 1962 acceperat-,
299 1887 351 1945 sed
365 1889 511 1963 rescripsit
530 1887 639 1960 adeas,
656 1907 779 1964 quarum
796 1888 963 1963 exemplum
978 1887 1029 1944 tibi

77 1985 226 2056 miseram,
248 2003 318 2043 sane
339 1985 492 2043 luculente.
539 2005 565 2045 2.
587 1985 636 2044 Ad
657 2005 704 2044 me
725 1995 831 2055 autem,
852 2003 919 2043 cum
934 1983 1028 2043 Cassii

77 2084 260 2143 tabellarium
276 2085 458 2156 dimisissem,
475 2086 570 2144 statim
585 2084 703 2143 Balbus.
746 2085 773 2143 O
789 2085 835 2143 dei
849 2085 928 2154 boni,
940 2101 1031 2158 quam.

77 2182 165 2241 facile
188 2184 367 2259 perspiceres
391 2184 492 2242 timere
517 2187 626 2242 otiuml
659 2193 689 2242 et
713 2185 790 2242 nosti
815 2183 915 2252 virum,
939 2199 1029 2257 quam

78 2291 175 2340 tectus
186 2301 194 2354 ;
218 2283 269 2340 sed
291 2294 389 2340 tamen
410 2282 531 2341 Antonii
553 2283 674 2341 consilia
694 2283 847 2340 narrabat:
873 2280 952 2337 illum
974 2279 1028 2338 cir-

77 2380 191 2439 cumire
213 2390 373 2452 veteranos
399 2391 431 2439 ut
459 2390 524 2438 acta
548 2380 681 2440 Caesaris
710 2381 854 2438 sancirent
881 2378 968 2454 idque
997 2395 1029 2435 se

77 2481 209 2539 facturos
237 2499 301 2539 esse
329 2481 463 2551 iurarent,
488 2489 519 2538 ut
547 2491 610 2538 rata
638 2497 742 2538 omnes
766 2479 907 2537 haberent
935 2496 1029 2554 eaque

78 2579 226 2637 duumviri
254 2580 390 2637 omnibus
418 2579 568 2637 mensibus
596 2580 782 2655 inspicerent.
823 2577 954 2655 Questus
987 2587 1030 2634 est

78 2677 170 2735 etiam
195 2676 232 2734 de
257 2694 309 2734 sua
333 2677 448 2747 invidia,
473 2695 571 2752 eaque,
590 2678 686 2736 omnis
710 2678 772 2735 eius
797 2677 890 2734 oratio
914 2675 975 2747 suit,
999 2684 1031 2732 ut

79 2791 179 2834 amare
193 2775 337 2833 videretur
351 2776 523 2834 Antonium.
566 2775 647 2846 Quid
667 2776 801 2852 quaeris?
823 2774 893 2832 nihil
915 2775 1030 2832 sinceri.

80 2893 110 2948 3.
133 2870 208 2929 Mihi
222 2882 318 2930 autem
332 2891 393 2931 non
407 2883 452 2932 est
466 2874 587 2931 dubium
600 2875 670 2949 quin
685 2893 731 2932 res
746 2882 856 2949 spectet
869 2871 907 2930 ad
918 2880 1030 2941 castra;

78 2979 146 3029 acta
167 2970 245 3027 enim
265 2970 313 3028 illa
334 2989 380 3028 res
401 2981 445 3029 est
466 2972 564 3029 animo
582 2972 661 3042 virili,
677 2971 799 3029 consilio
820 2969 939 3046 puerili:
963 2969 1030 3044 quis

78 3069 160 3129 enim
174 3068 231 3127 hoc
251 3087 313 3127 non
327 3069 404 3139 vidit,
419 3071 503 3145 regni
516 3069 655 3128 heredem
669 3069 820 3127 relictum?
843 3067 914 3144 quid
931 3078 1028 3124 autem

78 3166 253 3226 absurdius?

261 3273 307 3320 hoc
324 3281 432 3329 metuere,
449 3273 546 3320 alterum
563 3274 586 3319 in
603 3283 666 3320 metu
683 3287 731 3319 uon
747 3272 850 3333 ponere?

79 3363 164 3436 Quin
185 3363 273 3422 etiam
293 3363 351 3422 hoc
372 3365 438 3440 ipso
461 3373 593 3441 tempore
614 3365 704 3422 multa
725 3367 891 3421 ὑποσάλοικα.
934 3360 1031 3418 Pontii

80 3461 310 3538 Neapolitanum
333 3480 350 3520 a
370 3474 462 3522 matre
484 3464 689 3540 tyrannoctoni
704 3462 868 3539 possideri?
889 3457 1030 3535 legendus
