<?xml version="1.0" encoding="UTF-8"?>
<!DOCTYPE html PUBLIC "-//W3C//DTD XHTML 1.0 Transitional//EN"
    "http://www.w3.org/TR/xhtml1/DTD/xhtml1-transitional.dtd">
<html xmlns="http://www.w3.org/1999/xhtml" xml:lang="en" lang="en">
 <head>
  <title>
</title>
<meta http-equiv="Content-Type" content="text/html;charset=utf-8" />
  <meta name='ocr-system' content='tesseract 3.04.00' />
  <meta name='ocr-capabilities' content='ocr_page ocr_carea ocr_par ocr_line ocrx_word'/>
</head>
<body>
  <div class='ocr_page' id='page_1' title='image "./epistolaeselect00watsgoog_0086.png"; bbox 0 0 2432 3844; ppageno 0'>
   <div class='ocr_carea' id='block_1_1' title="bbox 35 245 990 332">
    <p class='ocr_par' dir='ltr' id='par_1_1' title="bbox 35 245 990 332">
     <span class='ocr_line' id='line_1_1' title="bbox 35 245 990 332; baseline 0.002 -24"><span class='ocrx_word' id='word_1_1' title='bbox 35 265 81 325; x_wconf 74' lang='lat' dir='ltr'>xp.</span> <span class='ocrx_word' id='word_1_2' title='bbox 102 247 158 332; x_wconf 68' lang='lat' dir='ltr'>aa]</span> <span class='ocrx_word' id='word_1_3' title='bbox 249 257 360 310; x_wconf 63' lang='grc' dir='ltr'><em>ωηεν.</em></span> <span class='ocrx_word' id='word_1_4' title='bbox 382 259 433 308; x_wconf 75' lang='lat' dir='ltr'>An</span> <span class='ocrx_word' id='word_1_5' title='bbox 453 260 677 310; x_wconf 70' lang='lat' dir='ltr'>armannus</span> <span class='ocrx_word' id='word_1_6' title='bbox 697 261 722 310; x_wconf 88' lang='lat' dir='ltr'>r.</span> <span class='ocrx_word' id='word_1_7' title='bbox 747 260 777 329; x_wconf 92' lang='lat'>7.</span> <span class='ocrx_word' id='word_1_8' title='bbox 853 277 859 284; x_wconf 86' lang='lat'><strong>·</strong></span> <span class='ocrx_word' id='word_1_9' title='bbox 948 245 990 332; x_wconf 82' lang='lat'>65</span> 
     </span>
    </p>
   </div>
   <div class='ocr_carea' id='block_1_2' title="bbox 33 417 992 989">
    <p class='ocr_par' dir='ltr' id='par_1_2' title="bbox 33 417 992 989">
     <span class='ocr_line' id='line_1_2' title="bbox 33 417 989 496; baseline -0.001 -19"><span class='ocrx_word' id='word_1_10' title='bbox 33 420 142 490; x_wconf 89' lang='lat' dir='ltr'>amari,</span> <span class='ocrx_word' id='word_1_11' title='bbox 163 419 281 496; x_wconf 85' lang='lat' dir='ltr'>quando</span> <span class='ocrx_word' id='word_1_12' title='bbox 309 422 347 478; x_wconf 90' lang='lat' dir='ltr'>ab</span> <span class='ocrx_word' id='word_1_13' title='bbox 374 419 428 478; x_wconf 90' lang='lat' dir='ltr'>illis</span> <span class='ocrx_word' id='word_1_14' title='bbox 457 420 536 479; x_wconf 91' lang='lat' dir='ltr'>nullo</span> <span class='ocrx_word' id='word_1_15' title='bbox 562 419 654 478; x_wconf 89' lang='lat' dir='ltr'>modo</span> <span class='ocrx_word' id='word_1_16' title='bbox 682 436 813 494; x_wconf 82' lang='lat' dir='ltr'>possum.</span> <span class='ocrx_word' id='word_1_17' title='bbox 856 417 989 477; x_wconf 91' lang='lat' dir='ltr'>Domum</span> 
     </span>
     <span class='ocr_line' id='line_1_3' title="bbox 33 517 990 594; baseline 0.001 -19"><span class='ocrx_word' id='word_1_18' title='bbox 33 535 141 576; x_wconf 89' lang='lat' dir='ltr'>meam</span> <span class='ocrx_word' id='word_1_19' title='bbox 159 518 241 594; x_wconf 92' lang='lat' dir='ltr'>quod</span> <span class='ocrx_word' id='word_1_20' title='bbox 255 520 356 576; x_wconf 90' lang='lat' dir='ltr'>crebro</span> <span class='ocrx_word' id='word_1_21' title='bbox 378 519 485 590; x_wconf 90' lang='lat' dir='ltr'>invisis,</span> <span class='ocrx_word' id='word_1_22' title='bbox 500 528 544 578; x_wconf 88' lang='lat' dir='ltr'>est</span> <span class='ocrx_word' id='word_1_23' title='bbox 563 518 634 576; x_wconf 91' lang='lat' dir='ltr'>mihi</span> <span class='ocrx_word' id='word_1_24' title='bbox 652 517 735 576; x_wconf 87' lang='lat' dir='ltr'>valde</span> <span class='ocrx_word' id='word_1_25' title='bbox 755 527 879 592; x_wconf 87' lang='lat' dir='ltr'>gratum.</span> <span class='ocrx_word' id='word_1_26' title='bbox 921 517 990 576; x_wconf 87' lang='lat' dir='ltr'>Via·</span> 
     </span>
     <span class='ocr_line' id='line_1_4' title="bbox 33 615 989 693; baseline 0.002 -21"><span class='ocrx_word' id='word_1_27' title='bbox 33 617 134 674; x_wconf 90' lang='lat' dir='ltr'>ticum</span> <span class='ocrx_word' id='word_1_28' title='bbox 157 616 309 692; x_wconf 84' lang='lat' dir='ltr'>Crassipes</span> <span class='ocrx_word' id='word_1_29' title='bbox 333 617 477 693; x_wconf 86' lang='lat' dir='ltr'>praeripit.</span> <span class='ocrx_word' id='word_1_30' title='bbox 519 617 568 674; x_wconf 94' lang='lat' dir='ltr'>Tu</span> <span class='ocrx_word' id='word_1_31' title='bbox 593 616 629 675; x_wconf 91' lang='lat' dir='ltr'>de</span> <span class='ocrx_word' id='word_1_32' title='bbox 653 615 699 673; x_wconf 88' lang='lat' dir='ltr'>via</span> <span class='ocrx_word' id='word_1_33' title='bbox 723 624 802 673; x_wconf 87' lang='lat' dir='ltr'>recta</span> <span class='ocrx_word' id='word_1_34' title='bbox 824 615 855 672; x_wconf 88' lang='lat' dir='ltr'>in</span> <span class='ocrx_word' id='word_1_35' title='bbox 879 616 989 674; x_wconf 90' lang='lat' dir='ltr'>hortos.</span> 
     </span>
     <span class='ocr_line' id='line_1_5' title="bbox 33 713 991 790; baseline 0.005 -21"><span class='ocrx_word' id='word_1_36' title='bbox 33 713 164 772; x_wconf 91' lang='lat' dir='ltr'>Videtur</span> <span class='ocrx_word' id='word_1_37' title='bbox 179 715 363 774; x_wconf 91' lang='lat' dir='ltr'>commodius</span> <span class='ocrx_word' id='word_1_38' title='bbox 384 715 422 773; x_wconf 89' lang='lat' dir='ltr'>ad</span> <span class='ocrx_word' id='word_1_39' title='bbox 438 725 484 773; x_wconf 94' lang='lat' dir='ltr'>te:</span> <span class='ocrx_word' id='word_1_40' title='bbox 506 715 646 790; x_wconf 88' lang='lat' dir='ltr'>postridie</span> <span class='ocrx_word' id='word_1_41' title='bbox 667 713 774 773; x_wconf 91' lang='lat' dir='ltr'>scilicet</span> <span class='ocrx_word' id='word_1_42' title='bbox 784 731 793 784; x_wconf 94' lang='lat'>;</span> <span class='ocrx_word' id='word_1_43' title='bbox 816 713 888 788; x_wconf 92' lang='lat' dir='ltr'>quid</span> <span class='ocrx_word' id='word_1_44' title='bbox 909 714 991 774; x_wconf 89' lang='lat' dir='ltr'>enim</span> 
     </span>
     <span class='ocr_line' id='line_1_6' title="bbox 33 811 992 888; baseline 0 -18"><span class='ocrx_word' id='word_1_45' title='bbox 33 813 114 870; x_wconf 88' lang='lat' dir='ltr'>tua?</span> <span class='ocrx_word' id='word_1_46' title='bbox 142 813 194 872; x_wconf 93' lang='lat' dir='ltr'>sed</span> <span class='ocrx_word' id='word_1_47' title='bbox 219 814 382 873; x_wconf 78' lang='lat' dir='ltr'>viderimus,</span> <span class='ocrx_word' id='word_1_48' title='bbox 424 813 635 872; x_wconf 89' lang='lat' dir='ltr'>Bibliothecam</span> <span class='ocrx_word' id='word_1_49' title='bbox 662 812 733 870; x_wconf 88' lang='lat' dir='ltr'>mihi</span> <span class='ocrx_word' id='word_1_50' title='bbox 761 811 803 870; x_wconf 90' lang='lat' dir='ltr'>tui</span> <span class='ocrx_word' id='word_1_51' title='bbox 832 812 992 888; x_wconf 86' lang='lat' dir='ltr'>pinxerunt</span> 
     </span>
     <span class='ocr_line' id='line_1_7' title="bbox 36 911 758 989; baseline 0 -20"><span class='ocrx_word' id='word_1_52' title='bbox 36 912 250 972; x_wconf 85' lang='lat' dir='ltr'>constrictione</span> <span class='ocrx_word' id='word_1_53' title='bbox 271 921 299 970; x_wconf 91' lang='lat' dir='ltr'>et</span> <span class='ocrx_word' id='word_1_54' title='bbox 321 913 447 989; x_wconf 88' lang='lat' dir='ltr'>sittybis:</span> <span class='ocrx_word' id='word_1_55' title='bbox 469 930 522 970; x_wconf 90' lang='lat' dir='ltr'>eos</span> <span class='ocrx_word' id='word_1_56' title='bbox 542 911 628 970; x_wconf 86' lang='lat' dir='ltr'>velim</span> <span class='ocrx_word' id='word_1_57' title='bbox 647 911 758 970; x_wconf 76' lang='lat' dir='ltr'>laudes·</span> 
     </span>
    </p>
   </div>
   <div class='ocr_carea' id='block_1_3' title="bbox 262 1066 778 1146">
    <p class='ocr_par' dir='ltr' id='par_1_3' title="bbox 262 1066 778 1146">
     <span class='ocr_line' id='line_1_8' title="bbox 262 1066 778 1146; baseline 0.006 -20"><span class='ocrx_word' id='word_1_58' title='bbox 262 1073 309 1130; x_wconf 87' lang='lat'>26.</span> <span class='ocrx_word' id='word_1_59' title='bbox 351 1069 409 1127; x_wconf 85' lang='lat' dir='ltr'>AD</span> <span class='ocrx_word' id='word_1_60' title='bbox 430 1066 682 1130; x_wconf 69' lang='lat' dir='ltr'>almannus</span> <span class='ocrx_word' id='word_1_61' title='bbox 704 1071 727 1128; x_wconf 90' lang='lat'>1.</span> <span class='ocrx_word' id='word_1_62' title='bbox 752 1084 778 1146; x_wconf 78' lang='lat'>7.</span> 
     </span>
    </p>
   </div>
   <div class='ocr_carea' id='block_1_4' title="bbox 212 1184 827 1354">
    <p class='ocr_par' dir='ltr' id='par_1_4' title="bbox 212 1184 827 1354">
     <span class='ocr_line' id='line_1_9' title="bbox 212 1184 827 1261; baseline 0.003 -18"><span class='ocrx_word' id='word_1_63' title='bbox 212 1184 279 1244; x_wconf 79' lang='lat' dir='ltr'>Seu.</span> <span class='ocrx_word' id='word_1_64' title='bbox 300 1184 409 1244; x_wconf 75' lang='lat' dir='ltr'>Rousx</span> <span class='ocrx_word' id='word_1_65' title='bbox 430 1204 524 1244; x_wconf 80' lang='lat' dir='ltr'>uxusx</span> <span class='ocrx_word' id='word_1_66' title='bbox 544 1184 629 1246; x_wconf 70' lang='lat' dir='ltr'>Maro</span> <span class='ocrx_word' id='word_1_67' title='bbox 650 1204 735 1246; x_wconf 70' lang='lat' dir='ltr'>nuc.</span> <span class='ocrx_word' id='word_1_68' title='bbox 759 1188 827 1261; x_wconf 88' lang='lat'><strong>698.</strong></span> 
     </span>
     <span class='ocr_line' id='line_1_10' title="bbox 244 1311 793 1354; baseline 0.002 -5"><span class='ocrx_word' id='word_1_69' title='bbox 244 1311 275 1350; x_wconf 81' lang='lat' dir='ltr'>x.</span> <span class='ocrx_word' id='word_1_70' title='bbox 290 1311 391 1352; x_wconf 81' lang='lat' dir='ltr'>c1cxxo</span> <span class='ocrx_word' id='word_1_71' title='bbox 404 1311 426 1351; x_wconf 93' lang='lat' dir='ltr'>s.</span> <span class='ocrx_word' id='word_1_72' title='bbox 444 1311 472 1350; x_wconf 82' lang='lat' dir='ltr'>o.</span> <span class='ocrx_word' id='word_1_73' title='bbox 487 1312 511 1351; x_wconf 84' lang='lat'>1³.</span> <span class='ocrx_word' id='word_1_74' title='bbox 526 1311 662 1353; x_wconf 75' lang='lat' dir='ltr'>carroco</span> <span class='ocrx_word' id='word_1_75' title='bbox 676 1312 793 1354; x_wconf 79' lang='lat' dir='ltr'>mocos.</span> 
     </span>
    </p>
   </div>
   <div class='ocr_carea' id='block_1_5' title="bbox 38 1408 1019 3634">
    <p class='ocr_par' dir='ltr' id='par_1_5' title="bbox 38 1408 1019 3555">
     <span class='ocr_line' id='line_1_11' title="bbox 90 1408 994 1486; baseline -0.002 -18"><span class='ocrx_word' id='word_1_76' title='bbox 90 1429 115 1468; x_wconf 93' lang='lat'>1.</span> <span class='ocrx_word' id='word_1_77' title='bbox 139 1408 217 1467; x_wconf 82' lang='lat' dir='ltr'>anr</span> <span class='ocrx_word' id='word_1_78' title='bbox 231 1416 295 1466; x_wconf 87' lang='lat' dir='ltr'>tuas</span> <span class='ocrx_word' id='word_1_79' title='bbox 312 1408 427 1478; x_wconf 84' lang='lat' dir='ltr'>litteras,</span> <span class='ocrx_word' id='word_1_80' title='bbox 445 1409 550 1484; x_wconf 93' lang='lat' dir='ltr'>quibus</span> <span class='ocrx_word' id='word_1_81' title='bbox 569 1409 606 1468; x_wconf 89' lang='lat' dir='ltr'>ad</span> <span class='ocrx_word' id='word_1_82' title='bbox 623 1427 670 1468; x_wconf 90' lang='lat' dir='ltr'>me</span> <span class='ocrx_word' id='word_1_83' title='bbox 690 1410 792 1468; x_wconf 91' lang='lat' dir='ltr'>scribis</span> <span class='ocrx_word' id='word_1_84' title='bbox 811 1419 925 1486; x_wconf 86' lang='lat' dir='ltr'>gratum</span> <span class='ocrx_word' id='word_1_85' title='bbox 942 1409 994 1468; x_wconf 93' lang='lat' dir='ltr'>tibi</span> 
     </span>
     <span class='ocr_line' id='line_1_12' title="bbox 40 1506 995 1584; baseline 0 -18"><span class='ocrx_word' id='word_1_86' title='bbox 40 1526 120 1580; x_wconf 86' lang='lat' dir='ltr'>esse,</span> <span class='ocrx_word' id='word_1_87' title='bbox 136 1506 219 1584; x_wconf 92' lang='lat' dir='ltr'>quod</span> <span class='ocrx_word' id='word_1_88' title='bbox 233 1508 332 1565; x_wconf 88' lang='lat' dir='ltr'>crebro</span> <span class='ocrx_word' id='word_1_89' title='bbox 350 1507 453 1565; x_wconf 91' lang='lat' dir='ltr'>certior</span> <span class='ocrx_word' id='word_1_90' title='bbox 466 1525 519 1582; x_wconf 91' lang='lat' dir='ltr'>per</span> <span class='ocrx_word' id='word_1_91' title='bbox 531 1525 580 1566; x_wconf 90' lang='lat' dir='ltr'>me</span> <span class='ocrx_word' id='word_1_92' title='bbox 594 1508 647 1566; x_wconf 90' lang='lat' dir='ltr'>fias</span> <span class='ocrx_word' id='word_1_93' title='bbox 662 1508 698 1566; x_wconf 91' lang='lat' dir='ltr'>de</span> <span class='ocrx_word' id='word_1_94' title='bbox 713 1509 849 1567; x_wconf 89' lang='lat' dir='ltr'>omnibus</span> <span class='ocrx_word' id='word_1_95' title='bbox 864 1509 951 1567; x_wconf 89' lang='lat' dir='ltr'>rebus</span> <span class='ocrx_word' id='word_1_96' title='bbox 964 1515 995 1566; x_wconf 88' lang='lat' dir='ltr'>et</span> 
     </span>
     <span class='ocr_line' id='line_1_13' title="bbox 39 1605 995 1682; baseline 0 -18"><span class='ocrx_word' id='word_1_97' title='bbox 39 1625 144 1664; x_wconf 89' lang='lat' dir='ltr'>meam</span> <span class='ocrx_word' id='word_1_98' title='bbox 167 1623 237 1681; x_wconf 84' lang='lat' dir='ltr'>erga</span> <span class='ocrx_word' id='word_1_99' title='bbox 257 1614 286 1663; x_wconf 90' lang='lat' dir='ltr'>te</span> <span class='ocrx_word' id='word_1_100' title='bbox 306 1606 538 1663; x_wconf 88' lang='lat' dir='ltr'>benevolentiam</span> <span class='ocrx_word' id='word_1_101' title='bbox 558 1605 642 1664; x_wconf 83' lang='lat' dir='ltr'>facile</span> <span class='ocrx_word' id='word_1_102' title='bbox 662 1607 838 1682; x_wconf 87' lang='lat' dir='ltr'>perspicias:</span> <span class='ocrx_word' id='word_1_103' title='bbox 868 1619 995 1682; x_wconf 89' lang='lat' dir='ltr'>quorum</span> 
     </span>
     <span class='ocr_line' id='line_1_14' title="bbox 39 1703 995 1779; baseline 0 -17"><span class='ocrx_word' id='word_1_104' title='bbox 39 1707 171 1764; x_wconf 90' lang='lat' dir='ltr'>alterum</span> <span class='ocrx_word' id='word_1_105' title='bbox 183 1703 263 1774; x_wconf 91' lang='lat' dir='ltr'>mihi,</span> <span class='ocrx_word' id='word_1_106' title='bbox 278 1715 309 1761; x_wconf 93' lang='lat' dir='ltr'>ut</span> <span class='ocrx_word' id='word_1_107' title='bbox 323 1713 351 1761; x_wconf 89' lang='lat' dir='ltr'>te</span> <span class='ocrx_word' id='word_1_108' title='bbox 369 1703 525 1779; x_wconf 89' lang='lat' dir='ltr'>plurimum</span> <span class='ocrx_word' id='word_1_109' title='bbox 543 1703 668 1779; x_wconf 86' lang='lat' dir='ltr'>diligam,</span> <span class='ocrx_word' id='word_1_110' title='bbox 686 1704 780 1762; x_wconf 85' lang='lat' dir='ltr'>facere</span> <span class='ocrx_word' id='word_1_111' title='bbox 802 1722 923 1764; x_wconf 88' lang='lat' dir='ltr'>necesse</span> <span class='ocrx_word' id='word_1_112' title='bbox 941 1714 995 1774; x_wconf 91' lang='lat' dir='ltr'>est,</span> 
     </span>
     <span class='ocr_line' id='line_1_15' title="bbox 40 1795 995 1877; baseline -0.001 -16"><span class='ocrx_word' id='word_1_113' title='bbox 40 1805 66 1861; x_wconf 94' lang='lat' dir='ltr'>si</span> <span class='ocrx_word' id='word_1_114' title='bbox 86 1802 158 1860; x_wconf 89' lang='lat' dir='ltr'>volo</span> <span class='ocrx_word' id='word_1_115' title='bbox 175 1795 200 1860; x_wconf 88' lang='lat' dir='ltr'>is</span> <span class='ocrx_word' id='word_1_116' title='bbox 217 1819 290 1872; x_wconf 89' lang='lat' dir='ltr'>esse,</span> <span class='ocrx_word' id='word_1_117' title='bbox 306 1819 395 1877; x_wconf 89' lang='lat' dir='ltr'>quem</span> <span class='ocrx_word' id='word_1_118' title='bbox 415 1811 447 1858; x_wconf 93' lang='lat' dir='ltr'>tu</span> <span class='ocrx_word' id='word_1_119' title='bbox 466 1819 514 1860; x_wconf 89' lang='lat' dir='ltr'>me</span> <span class='ocrx_word' id='word_1_120' title='bbox 536 1819 600 1861; x_wconf 89' lang='lat' dir='ltr'>esse</span> <span class='ocrx_word' id='word_1_121' title='bbox 618 1802 753 1875; x_wconf 87' lang='lat' dir='ltr'>voluisti;</span> <span class='ocrx_word' id='word_1_122' title='bbox 776 1802 898 1861; x_wconf 87' lang='lat' dir='ltr'>alterum</span> <span class='ocrx_word' id='word_1_123' title='bbox 918 1801 995 1862; x_wconf 85' lang='lat' dir='ltr'>facio</span> 
     </span>
     <span class='ocr_line' id='line_1_16' title="bbox 38 1901 1019 1978; baseline 0.001 -19"><span class='ocrx_word' id='word_1_124' title='bbox 38 1902 177 1971; x_wconf 85' lang='lat' dir='ltr'>libenter,</span> <span class='ocrx_word' id='word_1_125' title='bbox 205 1910 246 1970; x_wconf 90' lang='lat' dir='ltr'>ut,</span> <span class='ocrx_word' id='word_1_126' title='bbox 274 1901 415 1976; x_wconf 88' lang='lat' dir='ltr'>quoniam</span> <span class='ocrx_word' id='word_1_127' title='bbox 442 1901 592 1960; x_wconf 88' lang='lat' dir='ltr'>intervallo</span> <span class='ocrx_word' id='word_1_128' title='bbox 621 1901 753 1960; x_wconf 91' lang='lat' dir='ltr'>locorum</span> <span class='ocrx_word' id='word_1_129' title='bbox 775 1911 803 1960; x_wconf 91' lang='lat' dir='ltr'>et</span> <span class='ocrx_word' id='word_1_130' title='bbox 831 1912 1019 1978; x_wconf 89' lang='lat' dir='ltr'>temporum·</span> 
     </span>
     <span class='ocr_line' id='line_1_17' title="bbox 41 2000 997 2077; baseline -0.002 -19"><span class='ocrx_word' id='word_1_131' title='bbox 41 2000 168 2058; x_wconf 81' lang='lat' dir='ltr'>dduncti</span> <span class='ocrx_word' id='word_1_132' title='bbox 189 2016 298 2070; x_wconf 90' lang='lat' dir='ltr'>sumus,</span> <span class='ocrx_word' id='word_1_133' title='bbox 319 2017 372 2075; x_wconf 91' lang='lat' dir='ltr'>per</span> <span class='ocrx_word' id='word_1_134' title='bbox 391 2000 500 2057; x_wconf 89' lang='lat' dir='ltr'>litteras</span> <span class='ocrx_word' id='word_1_135' title='bbox 519 2009 617 2058; x_wconf 89' lang='lat' dir='ltr'>tecum</span> <span class='ocrx_word' id='word_1_136' title='bbox 639 2019 727 2077; x_wconf 87' lang='lat' dir='ltr'>quarn</span> <span class='ocrx_word' id='word_1_137' title='bbox 748 2001 916 2076; x_wconf 90' lang='lat' dir='ltr'>saepissime</span> <span class='ocrx_word' id='word_1_138' title='bbox 938 2000 997 2059; x_wconf 88' lang='lat' dir='ltr'>col-</span> 
     </span>
     <span class='ocr_line' id='line_1_18' title="bbox 41 2096 997 2176; baseline 0 -20"><span class='ocrx_word' id='word_1_139' title='bbox 41 2099 162 2176; x_wconf 87' lang='lat' dir='ltr'>loquar.</span> <span class='ocrx_word' id='word_1_140' title='bbox 205 2096 296 2169; x_wconf 90' lang='lat' dir='ltr'>Quod</span> <span class='ocrx_word' id='word_1_141' title='bbox 325 2099 349 2156; x_wconf 87' lang='lat' dir='ltr'>si</span> <span class='ocrx_word' id='word_1_142' title='bbox 377 2099 467 2156; x_wconf 90' lang='lat' dir='ltr'>rarius</span> <span class='ocrx_word' id='word_1_143' title='bbox 494 2098 544 2157; x_wconf 92' lang='lat' dir='ltr'>fiet</span> <span class='ocrx_word' id='word_1_144' title='bbox 570 2117 660 2174; x_wconf 87' lang='lat' dir='ltr'>quam</span> <span class='ocrx_word' id='word_1_145' title='bbox 687 2109 719 2157; x_wconf 92' lang='lat' dir='ltr'>tu</span> <span class='ocrx_word' id='word_1_146' title='bbox 746 2098 937 2175; x_wconf 84' lang='lat' dir='ltr'>exspectabis,</span> <span class='ocrx_word' id='word_1_147' title='bbox 966 2097 997 2156; x_wconf 93' lang='lat' dir='ltr'>id</span> 
     </span>
     <span class='ocr_line' id='line_1_19' title="bbox 41 2196 997 2273; baseline -0.004 -17"><span class='ocrx_word' id='word_1_148' title='bbox 41 2199 98 2256; x_wconf 89' lang='lat' dir='ltr'>erit</span> <span class='ocrx_word' id='word_1_149' title='bbox 120 2214 235 2266; x_wconf 90' lang='lat' dir='ltr'>causae,</span> <span class='ocrx_word' id='word_1_150' title='bbox 257 2196 338 2272; x_wconf 93' lang='lat' dir='ltr'>quod</span> <span class='ocrx_word' id='word_1_151' title='bbox 364 2214 425 2255; x_wconf 89' lang='lat' dir='ltr'>non</span> <span class='ocrx_word' id='word_1_152' title='bbox 453 2197 514 2255; x_wconf 90' lang='lat' dir='ltr'>eius</span> <span class='ocrx_word' id='word_1_153' title='bbox 542 2198 655 2273; x_wconf 87' lang='lat' dir='ltr'>generis</span> <span class='ocrx_word' id='word_1_154' title='bbox 683 2215 767 2255; x_wconf 90' lang='lat' dir='ltr'>meae</span> <span class='ocrx_word' id='word_1_155' title='bbox 788 2197 898 2254; x_wconf 89' lang='lat' dir='ltr'>litterae</span> <span class='ocrx_word' id='word_1_156' title='bbox 920 2205 997 2267; x_wconf 90' lang='lat' dir='ltr'>sunt,</span> 
     </span>
     <span class='ocr_line' id='line_1_20' title="bbox 43 2293 997 2371; baseline -0.004 -16"><span class='ocrx_word' id='word_1_157' title='bbox 43 2307 77 2355; x_wconf 93' lang='lat' dir='ltr'>ut</span> <span class='ocrx_word' id='word_1_158' title='bbox 107 2313 159 2354; x_wconf 89' lang='lat' dir='ltr'>eas</span> <span class='ocrx_word' id='word_1_159' title='bbox 186 2294 311 2353; x_wconf 88' lang='lat' dir='ltr'>audeam</span> <span class='ocrx_word' id='word_1_160' title='bbox 331 2303 440 2355; x_wconf 89' lang='lat' dir='ltr'>temere</span> <span class='ocrx_word' id='word_1_161' title='bbox 461 2296 659 2354; x_wconf 88' lang='lat' dir='ltr'>committere:</span> <span class='ocrx_word' id='word_1_162' title='bbox 689 2295 822 2371; x_wconf 89' lang='lat' dir='ltr'>quotiens</span> <span class='ocrx_word' id='word_1_163' title='bbox 842 2293 913 2351; x_wconf 92' lang='lat' dir='ltr'>mihi</span> <span class='ocrx_word' id='word_1_164' title='bbox 935 2312 997 2352; x_wconf 90' lang='lat' dir='ltr'>cer·</span> 
     </span>
     <span class='ocr_line' id='line_1_21' title="bbox 44 2392 997 2471; baseline -0.004 -17"><span class='ocrx_word' id='word_1_165' title='bbox 44 2409 146 2454; x_wconf 90' lang='lat' dir='ltr'>torum</span> <span class='ocrx_word' id='word_1_166' title='bbox 174 2393 328 2452; x_wconf 90' lang='lat' dir='ltr'>hominum</span> <span class='ocrx_word' id='word_1_167' title='bbox 355 2403 484 2471; x_wconf 87' lang='lat' dir='ltr'>potestas</span> <span class='ocrx_word' id='word_1_168' title='bbox 508 2395 568 2463; x_wconf 89' lang='lat' dir='ltr'>erit,</span> <span class='ocrx_word' id='word_1_169' title='bbox 596 2394 702 2469; x_wconf 92' lang='lat' dir='ltr'>quibus</span> <span class='ocrx_word' id='word_1_170' title='bbox 729 2402 807 2450; x_wconf 91' lang='lat' dir='ltr'>recte</span> <span class='ocrx_word' id='word_1_171' title='bbox 837 2392 913 2462; x_wconf 92' lang='lat' dir='ltr'>dem,</span> <span class='ocrx_word' id='word_1_172' title='bbox 935 2410 997 2451; x_wconf 90' lang='lat' dir='ltr'>non</span> 
     </span>
     <span class='ocr_line' id='line_1_22' title="bbox 46 2491 999 2571; baseline -0.005 -19"><span class='ocrx_word' id='word_1_173' title='bbox 46 2493 287 2571; x_wconf 89' lang='lat' dir='ltr'>praetermittam.</span> <span class='ocrx_word' id='word_1_174' title='bbox 331 2512 357 2551; x_wconf 86' lang='lat' dir='ltr'>a.</span> <span class='ocrx_word' id='word_1_175' title='bbox 386 2491 478 2564; x_wconf 91' lang='lat' dir='ltr'>Quod</span> <span class='ocrx_word' id='word_1_176' title='bbox 506 2493 578 2550; x_wconf 91' lang='lat' dir='ltr'>scire</span> <span class='ocrx_word' id='word_1_177' title='bbox 606 2493 657 2562; x_wconf 88' lang='lat' dir='ltr'>vis,</span> <span class='ocrx_word' id='word_1_178' title='bbox 685 2509 744 2566; x_wconf 87' lang='lat' dir='ltr'>qua</span> <span class='ocrx_word' id='word_1_179' title='bbox 772 2491 896 2567; x_wconf 87' lang='lat' dir='ltr'>quisque</span> <span class='ocrx_word' id='word_1_180' title='bbox 918 2491 999 2548; x_wconf 90' lang='lat' dir='ltr'>inte</span> 
     </span>
     <span class='ocr_line' id='line_1_23' title="bbox 46 2589 999 2666; baseline -0.005 -14"><span class='ocrx_word' id='word_1_181' title='bbox 46 2594 109 2652; x_wconf 87' lang='lat' dir='ltr'>lide</span> <span class='ocrx_word' id='word_1_182' title='bbox 130 2592 167 2650; x_wconf 92' lang='lat' dir='ltr'>sit</span> <span class='ocrx_word' id='word_1_183' title='bbox 187 2601 214 2650; x_wconf 94' lang='lat' dir='ltr'>et</span> <span class='ocrx_word' id='word_1_184' title='bbox 235 2591 392 2663; x_wconf 87' lang='lat' dir='ltr'>voluntate,</span> <span class='ocrx_word' id='word_1_185' title='bbox 410 2591 524 2650; x_wconf 89' lang='lat' dir='ltr'>difficile</span> <span class='ocrx_word' id='word_1_186' title='bbox 542 2590 621 2649; x_wconf 90' lang='lat' dir='ltr'>dictu</span> <span class='ocrx_word' id='word_1_187' title='bbox 635 2601 679 2650; x_wconf 91' lang='lat' dir='ltr'>est</span> <span class='ocrx_word' id='word_1_188' title='bbox 694 2591 730 2649; x_wconf 90' lang='lat' dir='ltr'>de</span> <span class='ocrx_word' id='word_1_189' title='bbox 745 2589 885 2666; x_wconf 86' lang='lat' dir='ltr'>singulis:</span> <span class='ocrx_word' id='word_1_190' title='bbox 907 2607 999 2648; x_wconf 89' lang='lat' dir='ltr'>unum</span> 
     </span>
     <span class='ocr_line' id='line_1_24' title="bbox 45 2689 1000 2765; baseline -0.001 -16"><span class='ocrx_word' id='word_1_191' title='bbox 45 2690 120 2749; x_wconf 92' lang='lat' dir='ltr'>illud</span> <span class='ocrx_word' id='word_1_192' title='bbox 151 2689 254 2761; x_wconf 89' lang='lat' dir='ltr'>audeo,</span> <span class='ocrx_word' id='word_1_193' title='bbox 287 2690 368 2765; x_wconf 92' lang='lat' dir='ltr'>quod</span> <span class='ocrx_word' id='word_1_194' title='bbox 399 2698 485 2747; x_wconf 87' lang='lat' dir='ltr'>antea</span> <span class='ocrx_word' id='word_1_195' title='bbox 516 2690 568 2746; x_wconf 91' lang='lat' dir='ltr'>tibi</span> <span class='ocrx_word' id='word_1_196' title='bbox 600 2707 687 2765; x_wconf 89' lang='lat' dir='ltr'>saepe</span> <span class='ocrx_word' id='word_1_197' title='bbox 719 2689 888 2764; x_wconf 84' lang='lat' dir='ltr'>significavi,</span> <span class='ocrx_word' id='word_1_198' title='bbox 919 2707 1000 2748; x_wconf 90' lang='lat' dir='ltr'>nunc</span> 
     </span>
     <span class='ocr_line' id='line_1_25' title="bbox 45 2788 1001 2868; baseline -0.003 -19"><span class='ocrx_word' id='word_1_199' title='bbox 45 2807 169 2868; x_wconf 90' lang='lat' dir='ltr'>quoque</span> <span class='ocrx_word' id='word_1_200' title='bbox 199 2808 231 2854; x_wconf 80' lang='lat' dir='ltr'>re</span> <span class='ocrx_word' id='word_1_201' title='bbox 258 2797 411 2865; x_wconf 87' lang='lat' dir='ltr'>perspecta</span> <span class='ocrx_word' id='word_1_202' title='bbox 439 2798 469 2848; x_wconf 91' lang='lat' dir='ltr'>et</span> <span class='ocrx_word' id='word_1_203' title='bbox 498 2790 615 2864; x_wconf 85' lang='lat' dir='ltr'>cognita</span> <span class='ocrx_word' id='word_1_204' title='bbox 647 2789 781 2859; x_wconf 91' lang='lat' dir='ltr'>scribere,</span> <span class='ocrx_word' id='word_1_205' title='bbox 813 2788 1001 2847; x_wconf 89' lang='lat' dir='ltr'>vehementer</span> 
     </span>
     <span class='ocr_line' id='line_1_26' title="bbox 46 2887 1000 2966; baseline -0.003 -18"><span class='ocrx_word' id='word_1_206' title='bbox 46 2887 197 2966; x_wconf 85' lang='lat' dir='ltr'>quosdam</span> <span class='ocrx_word' id='word_1_207' title='bbox 224 2887 359 2946; x_wconf 90' lang='lat' dir='ltr'>homines</span> <span class='ocrx_word' id='word_1_208' title='bbox 387 2896 415 2945; x_wconf 91' lang='lat' dir='ltr'>et</span> <span class='ocrx_word' id='word_1_209' title='bbox 443 2905 495 2946; x_wconf 92' lang='lat' dir='ltr'>eos</span> <span class='ocrx_word' id='word_1_210' title='bbox 523 2887 658 2959; x_wconf 83' lang='lat' dir='ltr'>maxime,</span> <span class='ocrx_word' id='word_1_211' title='bbox 679 2887 729 2962; x_wconf 87' lang='lat' dir='ltr'>qui</span> <span class='ocrx_word' id='word_1_212' title='bbox 758 2896 787 2945; x_wconf 83' lang='lat' dir='ltr'>te</span> <span class='ocrx_word' id='word_1_213' title='bbox 815 2896 845 2946; x_wconf 95' lang='lat' dir='ltr'>et</span> <span class='ocrx_word' id='word_1_214' title='bbox 872 2887 1000 2945; x_wconf 89' lang='lat' dir='ltr'>maxime</span> 
     </span>
     <span class='ocr_line' id='line_1_27' title="bbox 49 2985 1001 3062; baseline -0.004 -15"><span class='ocrx_word' id='word_1_215' title='bbox 49 2989 213 3048; x_wconf 90' lang='lat' dir='ltr'>debuerunt</span> <span class='ocrx_word' id='word_1_216' title='bbox 243 2996 271 3044; x_wconf 92' lang='lat' dir='ltr'>et</span> <span class='ocrx_word' id='word_1_217' title='bbox 295 2985 451 3062; x_wconf 89' lang='lat' dir='ltr'>plurimum</span> <span class='ocrx_word' id='word_1_218' title='bbox 472 2986 569 3043; x_wconf 90' lang='lat' dir='ltr'>iuvare</span> <span class='ocrx_word' id='word_1_219' title='bbox 589 2994 758 3060; x_wconf 90' lang='lat' dir='ltr'>potuerunt,</span> <span class='ocrx_word' id='word_1_220' title='bbox 779 2985 916 3043; x_wconf 83' lang='lat' dir='ltr'>invidisse</span> <span class='ocrx_word' id='word_1_221' title='bbox 937 2985 1001 3060; x_wconf 87' lang='lat' dir='ltr'>dig-</span> 
     </span>
     <span class='ocr_line' id='line_1_28' title="bbox 51 3079 1002 3158; baseline -0.003 -15"><span class='ocrx_word' id='word_1_222' title='bbox 51 3085 135 3144; x_wconf 89' lang='lat' dir='ltr'>nitati</span> <span class='ocrx_word' id='word_1_223' title='bbox 155 3093 232 3155; x_wconf 85' lang='lat' dir='ltr'>tuae,</span> <span class='ocrx_word' id='word_1_224' title='bbox 261 3083 493 3158; x_wconf 89' lang='lat' dir='ltr'>simillimamque</span> <span class='ocrx_word' id='word_1_225' title='bbox 521 3082 552 3140; x_wconf 89' lang='lat' dir='ltr'>in</span> <span class='ocrx_word' id='word_1_226' title='bbox 579 3100 610 3140; x_wconf 92' lang='lat' dir='ltr'>re</span> <span class='ocrx_word' id='word_1_227' title='bbox 639 3081 770 3140; x_wconf 91' lang='lat' dir='ltr'>dissimili</span> <span class='ocrx_word' id='word_1_228' title='bbox 796 3082 837 3139; x_wconf 91' lang='lat' dir='ltr'>tui</span> <span class='ocrx_word' id='word_1_229' title='bbox 861 3079 1002 3158; x_wconf 85' lang='lat' dir='ltr'>temporis</span> 
     </span>
     <span class='ocr_line' id='line_1_29' title="bbox 54 3179 1003 3257; baseline -0.005 -15"><span class='ocrx_word' id='word_1_230' title='bbox 54 3201 133 3242; x_wconf 93' lang='lat' dir='ltr'>nunc</span> <span class='ocrx_word' id='word_1_231' title='bbox 152 3193 182 3240; x_wconf 96' lang='lat' dir='ltr'>et</span> <span class='ocrx_word' id='word_1_232' title='bbox 202 3183 295 3240; x_wconf 90' lang='lat' dir='ltr'>nostri</span> <span class='ocrx_word' id='word_1_233' title='bbox 315 3179 466 3257; x_wconf 88' lang='lat' dir='ltr'>quondam</span> <span class='ocrx_word' id='word_1_234' title='bbox 488 3180 576 3239; x_wconf 84' lang='lat' dir='ltr'>luisse</span> <span class='ocrx_word' id='word_1_235' title='bbox 597 3180 748 3250; x_wconf 89' lang='lat' dir='ltr'>rationem,</span> <span class='ocrx_word' id='word_1_236' title='bbox 763 3189 803 3251; x_wconf 91' lang='lat' dir='ltr'>ut,</span> <span class='ocrx_word' id='word_1_237' title='bbox 818 3198 893 3256; x_wconf 90' lang='lat' dir='ltr'>quos</span> <span class='ocrx_word' id='word_1_238' title='bbox 912 3189 945 3238; x_wconf 92' lang='lat' dir='ltr'>tu</span> <span class='ocrx_word' id='word_1_239' title='bbox 962 3180 1003 3238; x_wconf 92' lang='lat' dir='ltr'>rei</span> 
     </span>
     <span class='ocr_line' id='line_1_30' title="bbox 55 3278 1003 3358; baseline -0.004 -19"><span class='ocrx_word' id='word_1_240' title='bbox 55 3281 187 3358; x_wconf 91' lang='lat' dir='ltr'>publicae</span> <span class='ocrx_word' id='word_1_241' title='bbox 209 3297 298 3340; x_wconf 86' lang='lat' dir='ltr'>causa</span> <span class='ocrx_word' id='word_1_242' title='bbox 318 3279 453 3349; x_wconf 90' lang='lat' dir='ltr'>laeseras,</span> <span class='ocrx_word' id='word_1_243' title='bbox 474 3278 571 3355; x_wconf 91' lang='lat' dir='ltr'>palam</span> <span class='ocrx_word' id='word_1_244' title='bbox 592 3288 620 3336; x_wconf 90' lang='lat' dir='ltr'>te</span> <span class='ocrx_word' id='word_1_245' title='bbox 642 3287 855 3354; x_wconf 88' lang='lat' dir='ltr'>oppugnarent,</span> <span class='ocrx_word' id='word_1_246' title='bbox 876 3295 1003 3354; x_wconf 89' lang='lat' dir='ltr'>quorum</span> 
     </span>
     <span class='ocr_line' id='line_1_31' title="bbox 55 3375 1003 3454; baseline -0.006 -16"><span class='ocrx_word' id='word_1_247' title='bbox 55 3379 265 3450; x_wconf 84' lang='lat' dir='ltr'>auctoritatem,</span> <span class='ocrx_word' id='word_1_248' title='bbox 290 3377 461 3454; x_wconf 84' lang='lat' dir='ltr'>dignitatem</span> <span class='ocrx_word' id='word_1_249' title='bbox 482 3377 719 3452; x_wconf 89' lang='lat' dir='ltr'>voluntatemque</span> <span class='ocrx_word' id='word_1_250' title='bbox 740 3375 920 3448; x_wconf 87' lang='lat' dir='ltr'>defenderas,</span> <span class='ocrx_word' id='word_1_251' title='bbox 941 3393 1003 3434; x_wconf 94' lang='lat' dir='ltr'>non</span> 
     </span>
     <span class='ocr_line' id='line_1_32' title="bbox 55 3472 1003 3555; baseline -0.005 -17"><span class='ocrx_word' id='word_1_252' title='bbox 55 3490 117 3538; x_wconf 87' lang='lat' dir='ltr'>tam</span> <span class='ocrx_word' id='word_1_253' title='bbox 136 3495 283 3538; x_wconf 86' lang='lat' dir='ltr'>memores</span> <span class='ocrx_word' id='word_1_254' title='bbox 305 3485 402 3538; x_wconf 87' lang='lat' dir='ltr'>essent</span> <span class='ocrx_word' id='word_1_255' title='bbox 422 3475 532 3536; x_wconf 89' lang='lat' dir='ltr'>virtutis</span> <span class='ocrx_word' id='word_1_256' title='bbox 554 3487 620 3535; x_wconf 86' lang='lat' dir='ltr'>tuae</span> <span class='ocrx_word' id='word_1_257' title='bbox 648 3493 738 3555; x_wconf 88' lang='lat' dir='ltr'>quam</span> <span class='ocrx_word' id='word_1_258' title='bbox 765 3475 858 3534; x_wconf 90' lang='lat' dir='ltr'>laudis</span> <span class='ocrx_word' id='word_1_259' title='bbox 885 3472 1003 3533; x_wconf 87' lang='lat' dir='ltr'>inimici.</span> 
     </span>
    </p>

    <p class='ocr_par' dir='ltr' id='par_1_6' title="bbox 448 3593 537 3634">
     <span class='ocr_line' id='line_1_33' title="bbox 448 3593 537 3634; baseline 0 0"><span class='ocrx_word' id='word_1_260' title='bbox 448 3609 450 3616; x_wconf 69' lang='lat'>,</span> <span class='ocrx_word' id='word_1_261' title='bbox 519 3593 537 3634; x_wconf 76' lang='lat' dir='ltr'>x</span> 
     </span>
    </p>
   </div>
   <div class='ocr_carea' id='block_1_6' title="bbox 0 0 1238 3844">
    <p class='ocr_par' dir='ltr' id='par_1_7' title="bbox 0 0 1238 3844">
     <span class='ocr_line' id='line_1_34' title="bbox 0 0 1238 3844; baseline 0 0"><span class='ocrx_word' id='word_1_262' title='bbox 0 0 1238 3844; x_wconf 95' lang='lat' dir='ltr'> </span> 
     </span>
    </p>
   </div>
  </div>
 </body>
</html>
