2454 3842
197 205 202 225 ¹
257 211 316 293 146
525 227 563 276 M.
590 225 708 276 runnu
729 229 917 276 arcanorum
1074 215 1165 299 [ansul.

253 375 415 438 ‘animulae
443 377 615 452 stillarunt3’
650 388 810 438 recreatum
837 378 916 439 enim
950 385 1091 437 menon
1114 393 1165 454 queo

252 475 356 534 dicere.
399 477 457 537 Sed
479 479 565 555 plane
589 483 618 536 τὸ
646 481 756 552 συνέχον
780 479 899 538 effecisti
910 499 918 551 ;
947 497 1003 555 ego
1029 479 1107 537 enim
1128 493 1167 534 mn

250 573 309 632 iam
329 575 360 634 id
380 593 446 652 ago,
461 576 531 636 mihi
552 577 646 649 crede,
667 589 699 636 ut
719 595 876 654 prosperos
897 578 990 636 exitus
1012 591 1166 653 consequar:

251 672 293 731 sic
314 674 393 733 enim
413 675 507 746 video,
528 695 583 734 nec
608 677 722 735 duobus
743 675 788 734 his
808 676 879 734 vivis
900 694 955 735 nec
977 675 1033 735 hoc
1054 693 1113 733 uno
1133 689 1168 731 nos

251 790 390 848 umquam
412 791 473 832 rem
500 775 646 850 publicam
674 774 830 832 habituros.
873 773 919 831 Ita
946 792 1040 850 neque
1068 773 1105 831 de
1129 771 1169 830 otio

250 880 350 929 nostro
364 889 450 948 spero
470 872 527 928 iam
548 890 602 930 nec
623 871 711 930 ullam
730 871 916 929 acerbitatem
937 889 1048 930 recuso.
1089 869 1171 928 Unun

249 968 318 1026 illud
338 969 572 1040 extimescebam,
587 989 623 1028 ne
641 970 711 1046 quid
731 971 851 1045 turpiter
872 969 1006 1039 lacerem,
1021 969 1065 1027 vel
1085 969 1171 1034 dicam,

248 1066 307 1122 iam
334 1065 475 1126 fecissem.
529 1088 553 1127 2.
577 1067 624 1127 Sic
652 1087 723 1144 ergo
752 1068 868 1134 habeto,
897 1068 1035 1126 salutares
1062 1077 1090 1126 te
1120 1065 1174 1125 mihi

246 1163 353 1223 litteras
377 1165 498 1236 misisse,
514 1185 610 1243 neque
631 1168 726 1226 solum
748 1166 800 1225 has
822 1166 980 1242 longiores,
993 1167 1099 1243 quibus
1121 1163 1175 1224 nihil

247 1272 343 1338 potest
371 1283 435 1322 esse
462 1266 639 1342 explicatius,
664 1266 733 1324 nihil
756 1265 918 1343 perfectius,
940 1265 993 1324 sed
1017 1267 1104 1324 etiarn
1131 1266 1176 1323 illas

246 1361 398 1433 breviores,
420 1365 449 1421 in
474 1365 577 1440 quibus
601 1365 658 1424 hoc
681 1365 750 1422 mihi
771 1365 1013 1422 iucundissimum
1035 1363 1096 1434 fuit,
1119 1381 1176 1422 con-

246 1459 341 1517 silium
362 1459 528 1539 factumque
539 1472 671 1521 nostrum
685 1482 703 1521 a
717 1461 806 1520 Sexto
825 1462 952 1537 probari,
964 1471 1178 1538 pergratumque

246 1557 315 1616 mihi
334 1569 366 1619 tu
379 1559 479 1632 fecisti,
495 1580 512 1619 a
526 1580 585 1638 quo
607 1561 686 1637 diligi
707 1579 754 1620 me
774 1561 896 1637 etquid
915 1571 1026 1619 rectum
1047 1560 1092 1630 sit,
1108 1559 1180 1619 intel·

244 1657 301 1733 legi
316 1660 386 1718 scio.
428 1660 558 1736 Longior
577 1679 644 1719 vero
666 1669 715 1718 tua
734 1661 857 1736 epistola
872 1678 931 1718 non
951 1678 998 1717 me
1016 1660 1122 1730 solum,
1140 1659 1181 1719 sed

244 1775 328 1815 meos
347 1776 450 1817 omnes
468 1761 646 1834 aegritudine
667 1759 784 1830 levavit;
808 1759 903 1834 itaque
917 1768 981 1816 utar
1000 1767 1051 1816 tuo
1066 1759 1182 1817 consilio

243 1865 271 1913 et
285 1874 335 1914 ero
349 1857 379 1913 in
394 1857 559 1928 Formiano,
574 1876 612 1916 ne
626 1868 675 1916 aut
689 1857 727 1915 ad
741 1858 842 1914 urbem
859 1858 1000 1927 ἀπάντησις
1012 1874 1080 1914 mea
1094 1859 1182 1914 anim·

243 1955 404 2014 advertatur
420 1965 478 2028 aut,
494 1958 517 2014 si
536 1974 591 2014 nec
609 1956 657 2014 hic
671 1973 726 2014 nec
746 1955 801 2013 illic
818 1973 887 2013 eum
903 1955 1012 2018 videro,
1028 1955 1184 2022 devitatum

241 2071 273 2112 se
288 2073 306 2111 a
319 2072 366 2112 me
381 2064 469 2130 putet.
513 2074 539 2130 3.
562 2054 653 2126 Quod
672 2065 768 2113 autem
787 2054 900 2124 suades,
918 2065 950 2112 ut
969 2054 1006 2111 ab
1029 2071 1066 2111 eo
1086 2065 1184 2128 petam

241 2164 273 2211 ut
286 2153 357 2210 mihi
372 2153 515 2212 concedat
528 2164 560 2211 ut
580 2154 658 2212 idem
672 2154 796 2211 tribuam
807 2151 958 2228 Pompeio,
974 2152 1054 2228 quod
1068 2153 1128 2228 ipsi
1142 2157 1186 2213 tri·

241 2252 361 2323 buerim,
376 2251 405 2308 id
419 2269 467 2309 me
476 2252 534 2308 iam
548 2251 660 2330 pridem
675 2269 761 2326 agere
776 2250 925 2324 intelleges
940 2269 976 2308 ex
990 2250 1089 2307 litteris
1103 2251 1186 2311 Balbi

241 2360 269 2408 et
289 2350 385 2426 Oppii,
400 2367 524 2425 quarum
543 2349 676 2424 exempla
690 2350 741 2407 tibi
762 2349 843 2419 misi;
864 2348 930 2406 misi
945 2348 1031 2406 etiam
1049 2345 1187 2407 Caesaris

239 2450 277 2508 ad
288 2467 339 2507 eos
359 2467 429 2507 sana
447 2458 545 2506 mente
567 2433 695 2523 scriptas,
711 2465 770 2523 quo
791 2446 882 2504 modo
904 2447 934 2504 in
960 2454 1037 2504 tanta
1059 2447 1187 2507 insania.

240 2547 290 2605 Sin
304 2548 374 2605 mihi
389 2547 497 2606 Caesar
510 2547 567 2606 hoc
576 2564 638 2604 non
647 2547 795 2615 concedat,
807 2545 892 2603 video
906 2545 958 2603 tibi
970 2545 1087 2620 placere
1104 2547 1187 2618 illud,

239 2667 286 2705 me
306 2650 446 2719 πολίτευμα
470 2645 506 2704 de
528 2663 600 2722 pace
621 2646 775 2720 suscipere,
797 2644 827 2700 in
848 2661 907 2720 quo
931 2661 992 2701 non
1019 2645 1187 2705 extimesco

237 2745 411 2821 periculum:
434 2763 502 2804 cum
516 2745 595 2803 enim
614 2753 657 2802 tot
676 2743 872 2819 impendeant,
891 2759 941 2800 cur
960 2759 1020 2799 non
1036 2741 1188 2804 honestis-

238 2845 312 2904 simo
341 2844 484 2920 depecisci
511 2843 617 2901 velim?
654 2841 711 2900 Sed
738 2858 838 2900 vereor
866 2858 903 2898 ne
933 2839 1076 2915 Pompeio
1115 2843 1188 2918 quid

182 2925 184 2928 ⁵
239 2944 335 3002 oneris
348 2944 508 3019 imponam,

413 3055 446 3118 μή
462 3075 502 3118 μοι
518 3055 633 3120 γοργείην
649 3053 758 3118 κεφαλὴν
774 3053 860 3101 δεινοῖο
876 3052 983 3117 πελώρου

235 3159 415 3234 intorqueat3
446 3157 609 3216 mirandum
630 3157 708 3215 enim
732 3157 764 3214 in
785 3155 908 3213 modum
933 3154 1053 3214 Gnaeus
1077 3168 1206 3215 noster*

237 3257 345 3315 Sullani
366 3257 447 3332 regni
470 3255 684 3314 similitudinem
705 3253 878 3328 concupivit.
920 3255 1001 3310 Elddr
1028 3276 1080 3328 σοιΔ
1103 3258 1185 3330 λέγω.

234 3355 313 3412 Nihil
334 3354 380 3411 ille
406 3372 545 3428 umquam
565 3354 662 3411 minus
683 3354 807 3410 obscure
829 3352 901 3410 tulit.
945 3349 1038 3410 ‘Cum
1052 3351 1186 3412 hoccine

233 3450 335 3528 igitur’
350 3451 463 3525 inquies
476 3455 557 3507 ‘esse
567 3448 647 3508 visi’
672 3449 851 3507 Beneficium
865 3467 980 3527 sequor,
994 3448 1067 3506 mihi
1083 3455 1186 3522 crede,
