2452 3842
49 219 243 302 Ep.102,r03.]
266 230 378 281 aaran
399 231 448 278 An
469 231 691 280 FAMILIARES
712 234 776 281 κη.
804 219 853 286 18.
933 239 995 303 217

48 397 141 463 putes,
157 388 209 446 sed
230 389 326 458 etiam,
341 390 422 465 quod
442 389 513 446 mihi
534 407 610 465 opus
632 391 674 464 sit,
690 409 738 448 me
759 410 777 449 a
798 401 826 449 te
846 401 945 467 petere
968 401 996 451 et

46 505 158 562 rogare.
201 487 406 546 Gratissimum
427 488 513 563 igitur
532 488 604 545 mihi
623 487 733 558 seceris,
750 490 774 547 si
787 489 995 549 Volaterranos

46 586 184 643 omnibus
197 587 284 644 rebus
298 586 427 662 integros
437 586 655 662 incolumesque
667 605 731 646 esse
742 587 878 647 volueris:
894 607 995 647 eorum

45 701 105 757 ego
122 684 275 755 domicilia,
291 685 384 755 sedeS,
403 703 474 756 rem,
490 685 629 756 fortunas,
644 705 713 760 quae
730 695 758 742 et
780 705 798 744 a
817 686 860 744 dis
875 687 995 745 immor-

44 781 150 840 talibus
169 793 197 841 et
216 802 234 841 a
252 783 504 858 praestantissimis
523 785 553 840 in
573 795 673 841 nostra
694 803 725 841 re
746 785 863 860 publica
885 785 995 844 civibus

44 898 164 938 summo
192 891 309 940 senatus
337 883 495 958 populique
524 881 653 940 Romani
682 882 778 940 studio
807 893 995 942 conservatae

42 988 122 1048 sunt,
146 989 213 1038 tuae
237 980 304 1038 fidei
326 981 449 1039 iustitiae
474 981 656 1054 bonitatique
681 981 867 1040 commendo.
911 999 939 1053 4.
964 981 995 1040 Si

41 1094 99 1152 pro
115 1079 188 1136 meis
202 1079 328 1154 pristinis
343 1081 448 1156 opibus
463 1077 628 1136 facultatem
644 1079 714 1136 mihi
729 1097 775 1136 res
790 1079 847 1138 hoc
862 1089 994 1156 tempore

40 1177 135 1247 daret,
156 1185 188 1234 ut
216 1178 255 1235 ita
284 1178 439 1236 defendere
464 1193 583 1253 possem
603 1175 820 1248 Volaterranos
843 1197 930 1254 quem
955 1178 994 1236 ad

38 1274 167 1332 modum
182 1277 319 1335 consuevi
334 1276 406 1334 tueri
419 1293 511 1344 meos
527 1274 638 1332 nullum
658 1274 795 1344 officium,
811 1276 923 1334 nullum
942 1277 992 1335 de-

37 1375 131 1449 nique
157 1385 314 1445 certamen,
335 1375 366 1432 in
390 1391 450 1450 quo
474 1373 528 1431 illis
553 1372 694 1448 prodesse
715 1391 843 1448 possem,
865 1385 992 1451 praeter·

35 1474 204 1545 mitterem
219 1474 421 1549 sedquoniam
434 1472 512 1547 apud
527 1481 554 1529 te
569 1471 661 1529 nihilo
676 1473 773 1531 minus
788 1471 845 1532 hoc
859 1481 991 1549 tempore

34 1571 137 1629 valere
164 1589 212 1629 me
240 1571 369 1642 confid0,
391 1589 480 1647 quam
504 1569 643 1627 valuerim
668 1587 784 1646 semper
809 1572 887 1648 apud
912 1571 992 1630 bonos

33 1687 155 1740 omnes,
170 1688 224 1745 pro
242 1680 341 1728 nostra
355 1686 470 1728 summa
483 1668 696 1727 necessitudine
712 1669 832 1745 parique
847 1671 991 1728 internos

32 1778 66 1827 et
83 1776 187 1826 mutua
201 1767 401 1826 benevolentia
418 1768 470 1824 abs
490 1775 517 1824 te
537 1777 614 1841 pet0‚
630 1777 661 1824 ut
682 1768 721 1824 ita
741 1768 778 1825 de
793 1768 991 1827 Volaterranis

31 1884 179 1936 mereare,
207 1876 239 1924 ut
266 1867 431 1925 existiment
459 1881 527 1922 eum
556 1864 639 1939 quasi
668 1864 767 1923 divino
795 1867 918 1926 consilio
945 1867 990 1925 isti

30 1965 162 2040 negotio
181 1965 379 2041 praepositum
400 1981 473 2032 esse,
489 1960 568 2038 apud
585 1980 674 2037 quern
695 1981 788 2021 unum
809 1982 865 2023 nos
886 1982 988 2023 eorum

29 2064 172 2144 perpetui
187 2063 354 2122 defensores
368 2063 523 2138 plurimum
539 2061 630 2118 valere
645 2079 807 2136 possemus.

166 2224 231 2278 103.
274 2219 339 2278 AD
368 2217 693 2277 FAMILIARES
725 2219 866 2277 X11218.

231 2335 295 2396 Scn
314 2335 423 2395 Romu
443 2354 494 2394 suu
515 2353 606 2393 nunu
627 2353 709 2394 nuc.
731 2349 798 2409 709.

237 2462 340 2526 cronno
361 2461 383 2501 s.
398 2462 426 2500 n.
441 2459 605 2501 conmrrclo
626 2460 787 2501 conanum.

77 2580 105 2619 1.
129 2557 218 2630 Quor)
237 2568 397 2617 extremum
412 2557 464 2615 fuit
478 2558 508 2615 in
523 2575 558 2615 ea
572 2558 702 2633 epistola,
717 2575 808 2633 quarn
822 2576 840 2614 a
855 2567 883 2616 te
897 2576 985 2634 prox-

21 2668 93 2722 ime
114 2658 223 2733 accepi,
238 2657 276 2715 ad
296 2657 326 2714 id
347 2658 473 2731 primum
494 2657 680 2732 respondebo
691 2676 700 2729 3
722 2658 853 2715 animum
874 2657 986 2716 advorti

20 2761 115 2822 enim
141 2757 198 2814 hoc
224 2774 277 2814 vos
305 2773 430 2831 magnos
459 2767 588 2813 oratores
616 2756 711 2814 facere
739 2774 983 2833 nonnumquam:

19 2855 174 2938 epistolas
189 2855 309 2930 requiris
326 2871 407 2911 meas
417 2873 424 2926 ;
447 2871 503 2929 ego
524 2863 620 2912 autem
641 2872 810 2929 numquam,
828 2872 895 2913 cum
914 2856 986 2913 mihi

19 2954 237 3020 denuntiatum
259 2962 335 3012 esset
356 2971 374 3010 a
394 2954 450 3010 tuis
472 2953 512 3009 ire
535 2952 669 3028 aliquem,
691 2971 753 3011 non
775 2952 850 3011 dedi.
894 2954 985 3025 Quod

17 3056 104 3120 mihi
139 3053 238 3111 videor
271 3071 308 3109 ex
341 3053 397 3110 tuis
425 3051 524 3108 litteris
552 3051 719 3126 intellegere
748 3063 776 3110 te
804 3053 875 3112 nihil
903 3072 985 3112 com·-

16 3160 191 3218 missurum
212 3169 275 3208 esse
296 3159 404 3208 temere
425 3168 480 3207 nec
501 3159 575 3220 ante,
598 3169 686 3226 quam
709 3152 822 3222 scisses,
844 3171 904 3229 quo
930 3154 983 3211 iste

17 3252 136 3319 nescio
160 3249 209 3324 qui
234 3248 378 3308 Caecilius
403 3248 511 3307 Bassus
536 3260 707 3325 erumperet,
731 3251 888 3328 quicquam
913 3253 984 3310 certi

16 3351 266 3418 constituturum,
282 3348 311 3405 id
331 3365 388 3422 ego
405 3359 434 3405 et
449 3366 595 3424 speraram
611 3350 763 3424 prudentia
778 3361 827 3409 tua
842 3349 930 3408 fretus
945 3360 981 3419 et,

15 3469 53 3518 ut
84 3448 279 3516 confiderem,
301 3446 431 3505 fecerunt
455 3457 521 3505 tuae
550 3449 730 3524 gratissimae
758 3449 828 3506 mihi
856 3449 982 3520 litterae;
