2454 3842
15 229 80 289 Ep.
96 209 153 298 μ]
268 221 379 272 rrrsr.
401 222 451 269 an
473 217 636 268 nrrrouu
660 218 689 268 v,
711 216 751 264 rr.
943 217 981 284 91

15 376 160 452 flag-rem
181 374 326 434 desiderio
346 373 434 443 urbis,
454 389 543 448 quam
564 369 610 427 vix
631 367 734 425 harum
755 383 850 424 rerum
872 363 986 422 insulsi-

14 485 127 532 tatem
151 472 249 532 seram.
298 491 323 530 2.
348 470 503 530 Marcellus
525 467 611 527 foede
632 467 662 524 in
684 464 843 524 Comensi:
865 463 918 521 etsi
939 461 986 520 ille

15 572 238 647 magistratum
273 587 335 628 non
368 567 498 645 gesserit,
526 575 586 625 erat
620 575 719 623 tamen
747 561 985 638 Transpadanus.

16 670 81 727 Ita
96 668 169 726 mihi
182 669 292 726 videtur
306 685 367 726 non
381 667 477 724 minus
492 663 635 724 stomachi
648 673 750 722 nostro
769 680 852 738 quam
867 655 986 718 Caesari

18 768 161 838 fecisse3
184 766 235 825 sed
254 765 311 826 hoc
328 767 390 843 ipse
408 764 518 824 viderit.
561 783 587 838 3.
609 763 769 838 Pompeius
783 759 853 818 mihi
867 773 986 834 quoque
1011 823 1017 835 α

19 866 197 936 videbatur,
219 865 299 942 quod
321 865 421 923 scribis
444 862 609 922 Varronem
631 862 736 932 dicere,
758 861 788 917 in
810 855 986 933 Hispaniam

22 974 115 1024 certe
150 965 259 1022 iturus:
294 963 325 1022 id
357 980 415 1039 ego
446 962 565 1020 minime
592 963 763 1038 probabam,
791 957 841 1035 qui
867 954 987 1032 quidem

24 1062 218 1138 Theophani
242 1061 326 1121 facile
346 1061 477 1138 persuasi
498 1060 569 1118 nihil
589 1078 654 1118 esse
673 1060 777 1119 melius
798 1073 887 1134 quarn
907 1051 988 1109 illum

23 1178 187 1237 nusquam
197 1160 354 1219 discedere.
396 1159 476 1235 Ergo
488 1159 621 1218 Graecus
631 1159 790 1228 incumbet3
805 1155 879 1213 valet
889 1159 987 1209 autem

23 1259 196 1317 auctoritas
224 1259 285 1317 eius
312 1258 392 1335 apud
416 1258 495 1316 illurn
518 1257 684 1334 plurimum.
728 1275 755 1328 4.
776 1255 843 1331 Ego
867 1252 920 1310 has
944 1262 986 1322 pr.

25 1357 146 1416 Nonas
157 1356 319 1429 Quinctiles
330 1356 519 1433 proficiscens
531 1356 654 1414 Athenis
666 1355 742 1427 dedi,
752 1371 819 1413 cum
830 1351 869 1410 ibi
884 1349 988 1407 decem

24 1458 119 1532 ipsos
141 1455 261 1515 fuissem
283 1456 353 1515 dies.
398 1456 526 1514 Venerat
547 1455 736 1531 Pomptinus;
761 1472 821 1512 una
842 1450 896 1510 Cu.
915 1444 988 1504 Vol·

26 1555 128 1625 usius,
139 1554 238 1613 aderat
249 1565 401 1631 quaestor;
417 1564 483 1614 tuus
493 1573 569 1614 unus
578 1553 693 1612 Tullius
704 1555 810 1612 aberat.
838 1548 989 1626 Aphracta

28 1650 225 1711 Rhodiorum
240 1663 269 1712 et
283 1654 393 1713 dicrota
408 1653 649 1730 Mytilenaeorum
669 1652 814 1710 habebam
831 1658 860 1706 et
879 1642 988 1721 aliquid

28 1749 185 1809 ἐπικώπων.
226 1751 273 1810 De
287 1752 399 1810 Parthis
417 1761 478 1810 erat
498 1751 651 1810 silentium.
695 1748 785 1821 Quod
804 1755 944 1823 superest,
958 1743 989 1802 di

29 1851 156 1909 iuvent!
207 1863 234 1923 5.
256 1850 321 1908 Nos
342 1850 438 1909 adhuc
458 1851 510 1908 iter
531 1869 584 1925 per
606 1848 759 1908 Graeciam
783 1862 898 1905 summa
921 1859 988 1900 cum

30 1949 232 2008 admiratione
254 1947 384 2019 lecimus,
406 1967 461 2008 nec
483 1947 647 2006 mehercule
669 1947 765 2006 habeo
788 1944 870 2024 quod
894 1940 989 2000 adhuc

31 2065 131 2126 quem
163 2064 300 2105 accusem
333 2065 484 2106 meorum:
519 2046 651 2105 videntur
678 2046 749 2104 mihi
778 2061 866 2103 nosse
896 2033 986 2121 [nos]

31 2155 172 2205 nostram
188 2162 305 2203 causam
320 2155 349 2202 et
363 2145 568 2204 condicionem
584 2144 772 2221 profectionis
793 2159 862 2201 suae
871 2159 879 2212 ;
901 2137 987 2214 plane

32 2245 167 2304 serviunt
190 2243 394 2302 existimationi
418 2261 511 2302 meae.
552 2241 644 2314 Quod
673 2252 812 2318 superest,
836 2240 860 2298 si
887 2251 987 2295 verum

32 2343 110 2401 illud
125 2351 169 2400 est
184 2341 273 2416 οἵαπερ
289 2329 454 2413 ἢ’δέσποινα,
468 2351 546 2400 certe
565 2341 797 2416 permanebunt3
819 2337 890 2396 nihil
909 2333 988 2393 enim

32 2461 52 2500 a
67 2459 119 2498 me
138 2439 199 2498 fieri
218 2440 257 2497 ita
275 2440 421 2505 videbunt,
436 2448 468 2498 ut
487 2440 540 2498 sibi
560 2441 596 2498 sit
618 2439 805 2515 delinquendi
821 2438 920 2495 locus:
942 2433 987 2491 sin

32 2541 65 2599 id
93 2556 198 2615 parum
220 2537 369 2613 profuerit,
393 2538 441 2596 fiet
465 2519 574 2615 aliquid
597 2556 615 2596 a
636 2538 722 2595 nobis
745 2536 888 2605 severius;
917 2549 987 2590 nam

32 2638 136 2698 adhuc
164 2635 279 2694 lenitate
308 2636 407 2695 dulces
436 2654 536 2695 sumus
564 2647 602 2709 et,
630 2647 663 2695 ut
696 2655 791 2712 spero,
819 2632 987 2713 proficimus

34 2738 228 2811 aliquantum.
271 2733 329 2793 Sed
350 2753 408 2810 ego
428 2734 512 2805 hanc,
534 2745 566 2794 ut
591 2735 679 2794 Siculi
704 2734 935 2806 denunciaretur
958 2731 988 2788 in

34 2852 131 2893 unum
145 2850 257 2890 annum
275 2832 428 2891 meditatus
447 2851 530 2892 sum:
553 2834 676 2910 proinde
694 2852 803 2910 pugna,
818 2852 865 2905 ne,
880 2832 904 2890 si
918 2831 989 2907 quid

34 2941 230 3010 prorogatum
250 2931 293 3003 sit,
309 2932 400 3007 turpis
418 2932 555 2990 inveniar.
598 2933 625 2990 6.
649 2931 737 2991 Nunc
757 2932 846 2990 redeo
860 2931 898 2990 ad
912 2947 988 3006 quae

35 3030 110 3090 mihi
135 3029 276 3087 mandas:
299 3028 320 3097 †
341 3029 372 3086 in
395 3029 547 3105 praelectis
569 3032 718 3089 excusatio
740 3032 783 3102 iis,
805 3047 880 3106 quos
900 3028 987 3098 voles,

37 3128 168 3188 deserto:
196 3145 258 3185 non
283 3144 333 3186 ero
356 3136 416 3185 tarn
440 3132 573 3202 μετέωρος,
597 3146 687 3204 quam
710 3130 740 3186 in
765 3129 914 3206 Appuleio
938 3126 988 3185 lui.

36 3227 197 3286 Xenonem
219 3235 279 3284 tam
300 3225 389 3303 diligo
408 3244 497 3302 quarn
516 3235 555 3297 tu,
570 3227 651 3301 quod
670 3227 768 3303 ipsum
787 3227 890 3285 sentire
910 3235 988 3284 certo

37 3326 110 3385 scic.
152 3324 243 3400 Apud
262 3325 417 3384 Patronem
437 3333 465 3383 et
484 3324 610 3402 reliquos
629 3325 755 3384 barones
775 3334 802 3384 te
816 3325 846 3382 in
860 3324 988 3381 maxima

38 3425 132 3502 gratia
151 3424 246 3500 posui,
261 3433 291 3485 et
308 3423 424 3484 hercule
444 3424 547 3484 merito
567 3432 618 3481 tuo
639 3421 709 3496 feci;
732 3441 801 3482 nam
819 3422 890 3481 mihi
907 3422 990 3482 ister
