2454 3842
200 214 241 295 76
468 224 506 278 Μ.
532 225 650 274 rrum
671 228 859 277 crcaxonrs
1027 211 1099 304 [ears
1113 230 1144 277 u.

200 377 338 452 dignitate
358 386 407 436 aut
428 379 541 438 occulta
559 395 620 437 non
639 379 784 438 nullorum
803 379 872 438 odia
894 388 943 438 aut
966 380 1094 438 obscura
1115 380 1146 437 in

200 493 249 534 me
264 476 356 534 studia
370 479 526 536 cernebam
533 497 542 551 ;
564 495 633 536 nam
647 495 742 554 neque
756 477 793 536 de
807 478 1003 537 monumentis
1017 479 1093 537 meis
1108 479 1145 536 ab

201 574 235 632 iis
250 574 363 633 adiutus
376 593 418 648 es,
433 593 450 633 a
464 576 568 652 quibus
588 576 719 647 debuisti,
735 594 830 652 neque
851 577 887 635 de
906 577 934 634 vi
951 576 1071 647 nefaria,
1087 594 1146 653 qua

200 691 268 731 cum
290 673 375 733 fratre
397 692 475 733 eram
497 674 587 733 domo
608 674 745 750 expulsus
757 694 765 747 ;
796 693 891 751 neque
911 674 1028 734 hercule
1052 675 1086 733 in
1110 674 1145 734 iis

200 769 272 849 ipsis
302 773 396 843 rebus,
425 790 499 848 quae
528 790 705 848 quamquam
738 783 819 832 erant
849 774 919 832 mihi
950 783 1070 850 propter
1105 773 1145 830 rei

200 869 345 929 familiaris
359 870 509 946 naufragia
524 872 711 943 necessariae,
726 881 824 930 tamen
839 891 857 930 a
870 891 917 931 me
932 872 1045 931 minimi
1059 881 1145 947 puta-

200 970 313 1040 bantur,
328 970 357 1026 in
379 969 451 1027 meis
472 968 586 1027 damnis
604 987 641 1028 ex
660 970 828 1028 auctoritate
849 978 965 1028 senatus
987 969 1144 1030 sarciendis

201 1084 267 1124 eam
281 1067 467 1138 voluntatem,
482 1085 571 1143 quam
585 1078 793 1143 exspectaram,
806 1069 1013 1144 praestiterunt.
1058 1067 1145 1140 Quae

201 1183 270 1222 cum
290 1166 555 1242 viderem-neque
580 1176 661 1224 erant
688 1167 862 1238 obscura-,
883 1176 1064 1225 nontamen
1084 1175 1145 1224 tam

202 1262 307 1322 acerba
323 1263 393 1321 mihi
411 1264 484 1322 haec
499 1263 676 1335 accidebant,
691 1283 778 1340 quam
796 1274 876 1324 erant
896 1266 945 1324 illa
963 1274 1054 1342 grata,
1069 1283 1145 1340 quae

202 1361 337 1420 fecerant.
380 1364 407 1419 6.
430 1361 532 1438 Itaque
547 1380 723 1439 quamquam
737 1374 766 1422 et
780 1362 922 1440 Pompeio
936 1364 1103 1439 plurimum,
1117 1372 1144 1421 te

203 1460 322 1536 quidem
343 1460 408 1536 ipso
428 1461 625 1537 praedicatore
644 1480 678 1520 ac
699 1470 779 1534 teste,
795 1463 938 1521 debebam
957 1470 1070 1520 etcum
1084 1478 1144 1518 non

203 1559 299 1618 solum
323 1559 475 1630 beneficio
498 1559 550 1618 sed
571 1577 669 1618 amore
690 1561 777 1622 etiarn
798 1570 827 1619 et
853 1569 996 1637 perpetuo
1016 1559 1144 1637 quodam

202 1653 310 1712 iudicio
339 1671 407 1712 meo
433 1654 597 1730 diligebam,
619 1663 717 1712 tamen
744 1673 804 1713 non
833 1665 979 1731 reputans,
1000 1654 1072 1730 quid
1101 1653 1144 1712 ille

203 1752 295 1823 vellet,
310 1751 340 1810 in
361 1752 497 1810 omnibus
519 1751 591 1811 meis
612 1753 761 1812 sententiis
782 1752 818 1811 de
840 1771 870 1811 re
890 1753 1005 1830 publica
1019 1752 1144 1830 pristinis

203 1851 417 1928 permanebam.
476 1864 500 1925 7.
523 1849 589 1926 Ego
623 1850 741 1910 sedente
773 1850 825 1910 Cn
849 1850 991 1928 Pompeio
1020 1869 1087 1909 cum
1115 1860 1145 1908 ut

203 1949 332 2007 laudaret
346 1949 377 2006 P.
394 1948 518 2008 Sestium
536 1949 682 2008 introisset
701 1950 732 2007 in
748 1951 859 2021 urbem,
874 1950 1050 2026 dixissetque
1065 1950 1143 2008 testis

204 2047 337 2106 Vatinius
359 2067 406 2107 me
425 2047 541 2106 fortuna
561 2055 590 2106 et
610 2046 744 2108 felicitate
765 2048 799 2108 C.
815 2047 946 2107 Caesaris
964 2057 1144 2106 commotum

203 2148 242 2206 illi
262 2151 387 2207 amicum
407 2166 470 2206 esse
490 2147 630 2223 coepisse,
645 2147 704 2206 dixi
724 2166 772 2206 me
788 2165 853 2206 earn
874 2147 968 2205 Bibuli
989 2145 1143 2217 fortunam,

204 2265 293 2323 quam
313 2247 360 2306 ille
382 2246 528 2305 adflictam
548 2254 668 2322 putaret,
684 2247 815 2304 omnium
836 2245 988 2322 triumphis
1008 2246 1144 2304 victoriis·

204 2363 262 2420 que
287 2345 444 2417 anteferre;
477 2344 593 2419 dixique
615 2342 720 2402 eodem
743 2354 816 2403 teste
840 2344 896 2402 alio
923 2343 999 2415 loc0,
1024 2345 1145 2404 eosdem

204 2461 277 2515 esse,
299 2445 348 2522 qui
373 2444 508 2503 Bibulum
530 2441 607 2501 exire
630 2445 719 2503 domo
743 2443 957 2520 prohibuissent
977 2444 1077 2519 etqui
1099 2461 1146 2500 rne

204 2543 384 2618 coegissent:
415 2554 476 2602 tota
495 2563 563 2604 vcro
583 2542 771 2618 interrogatio
793 2560 859 2600 mea
879 2542 949 2600 nihil
971 2541 1071 2600 habuit
1092 2544 1146 2601 nisi

205 2640 458 2716 reprehensionem
471 2644 546 2702 illius
560 2643 735 2712 tribunatus;
759 2641 789 2697 in
803 2659 861 2716 qua
876 2641 976 2698 omnia
990 2640 1067 2698 dicta
1081 2651 1146 2699 sunt

204 2738 332 2797 libertate
353 2740 509 2818 animoque
530 2741 658 2800 maximo
677 2739 714 2798 de
733 2739 770 2811 vi,
785 2739 821 2797 de
841 2739 985 2814 auspiciis
1000 2738 1037 2797 de
1055 2739 1146 2798 dona·

206 2837 284 2895 tione
298 2855 464 2913 regnorum.
507 2842 534 2898 8.
556 2838 661 2914 Neque
675 2854 744 2895 vero
758 2835 812 2894 hac
827 2837 858 2894 in
872 2854 959 2894 causa
978 2837 1080 2908 mod0,
1096 2837 1147 2895 sed

205 2945 371 2994 constanter
398 2955 487 3014 saepe
514 2938 544 2995 in
572 2945 689 2995 senatu:
720 2935 899 3011 quinetiam
925 2934 1097 2994 Marcellino
1119 2945 1147 2993 et

206 3034 340 3110 Philippo
369 3036 536 3095 consulibus
564 3035 660 3094 Nonis
688 3033 835 3110 Aprilibus
860 3032 930 3091 mihi
958 3043 1001 3092 est
1029 3043 1146 3092 senatus

205 3133 355 3214 adsensus,
376 3144 407 3192 ut
429 3134 465 3191 de
485 3152 557 3210 agro
579 3132 731 3209 Campano
752 3131 895 3207 frequenti
924 3141 1025 3191 senatu
1047 3130 1147 3189 Idibus

206 3230 293 3291 Maiis
307 3230 464 3291 referretur.
506 3231 586 3290 Num
600 3232 681 3307 potui
695 3230 789 3306 magis
804 3230 834 3287 in
845 3248 941 3288 arcem
954 3229 1029 3288 illius
1043 3247 1147 3289 causae

205 3329 340 3388 invadere
361 3341 410 3388 aut
430 3332 523 3406 magis
544 3329 673 3388 oblivisci
695 3338 860 3404 temporum
880 3345 1023 3397 meorum,
1044 3327 1146 3386 memi-

207 3429 283 3490 nisse
297 3428 465 3487 actionum?
487 3428 541 3485 hac
555 3445 573 3484 a
587 3445 634 3484 me
649 3427 790 3486 sententia
804 3425 879 3516 dicta
895 3443 1019 3504 magnus
1034 3426 1146 3485 animo·
