2432 3844
39 233 89 292 Ep.
110 219 168 303 ra]
226 229 342 281 sarar.
365 230 416 280 aa
436 229 660 279 santernam
681 230 754 278 rrv.
784 233 809 278 1.
949 233 992 300 49

39 398 144 449 tantos
167 391 316 468 percipere
340 390 453 450 luctus!
505 388 584 447 Nam
612 389 682 466 quid
706 407 763 466 ego
788 389 824 446 de
849 388 992 447 Cicerone

39 488 163 547 dicam?
199 490 249 566 qui
278 507 345 547 cum
373 490 500 567 primum
526 507 628 564 sapere
656 488 761 563 coepit,
790 487 994 546 acerbissimos

39 585 164 646 dolores
179 589 369 663 miseriasque
383 588 521 666 percepit.
563 586 649 658 Quae
670 587 702 656 si,
718 597 749 644 tu
763 595 794 643 ut
809 586 918 655 scribis,
932 584 993 644 fato

40 686 124 746 facta
138 698 281 763 putarem,
296 685 400 745 serrem
415 688 503 763 paulo
518 686 638 758 facilius,
654 686 707 745 sed
720 686 820 744 omnia
841 693 908 744 sunt
928 700 995 741 mea

42 784 134 859 culpa
149 786 316 857 commissa,
331 785 380 862 qui
394 786 432 844 ab
445 785 479 844 iis
493 804 541 844 me
555 786 647 844 amari
661 786 809 860 putabam,
821 782 871 859 qui
885 783 995 840 invide-

42 883 126 953 bant,
157 901 211 942 eos
239 901 301 942 non
329 885 482 960 sequebar,
509 885 559 960 qui
587 887 732 959 petebant.
791 903 815 940 a.
853 879 944 953 Quod
972 879 996 938 si

43 983 157 1040 nostris
184 982 312 1041 consiliis
336 983 382 1040 usi
410 1001 541 1041 essemus
570 1001 665 1059 neque
693 982 773 1059 apud
799 999 855 1040 nos
884 988 996 1038 tantum

43 1081 185 1138 valuisset
199 1098 295 1140 sermo
309 1092 359 1139 aut
374 1081 525 1140 stultorum
540 1082 702 1141 amicorum
719 1091 768 1139 aut
788 1080 997 1155 improborum,

45 1180 210 1238 beatissimi
224 1182 400 1240 viveremus:
428 1200 516 1252 nunc,
537 1183 678 1257 quoniam
699 1200 813 1257 sperare
834 1198 889 1238 nos
910 1178 998 1236 amici

46 1279 160 1350 iubent,
183 1279 260 1338 dabo
281 1297 409 1356 operam,
430 1299 467 1339 ne
488 1299 556 1339 mea
576 1281 710 1341 valetudo
730 1291 780 1340 tuo
801 1279 893 1338 labori
914 1278 997 1336 desit.

50 1376 112 1437 Res
127 1388 240 1456 quanta
254 1381 298 1449 sit,
313 1380 458 1455 intellego,
474 1391 641 1456 quantoque
657 1380 740 1438 fuerit
754 1379 865 1438 facilius
879 1394 997 1436 manere

50 1477 133 1535 domi
160 1495 249 1553 quam
272 1479 384 1550 redire3
417 1478 469 1538 sed
494 1489 600 1550 tamen,
627 1480 652 1538 si
676 1497 779 1538 omnes
804 1479 934 1536 tribunos
958 1475 996 1552 pl.

51 1575 207 1646 habemus,
229 1575 254 1633 si
275 1575 431 1635 Lentulum
451 1587 510 1635 tam
533 1578 704 1648 studiosum,
727 1596 815 1654 quam
835 1576 955 1646 videtur,
976 1577 1000 1634 si

52 1693 122 1733 vero
138 1675 227 1732 etiam
236 1675 409 1752 Pompeium
423 1685 452 1733 et
467 1673 629 1748 Caesarem,
642 1694 702 1734 non
717 1686 761 1734 est
775 1675 997 1752 desperandum.

56 1793 81 1847 3.
105 1773 154 1831 De
169 1773 285 1844 samilia,
299 1791 359 1848 quo
381 1774 472 1832 modo
493 1775 637 1851 placuisse
659 1776 759 1834 scribis
782 1775 892 1845 amicis,
913 1773 1000 1831 facie-

55 1889 139 1944 mus;
174 1871 307 1943 deloco,
332 1890 410 1931 nunc
435 1873 555 1950 quidem
580 1874 637 1932 iam
663 1875 732 1932 abiit
756 1874 926 1950 pestilentia,
949 1871 1002 1930 sed

58 1988 147 2046 quam
162 1969 211 2027 diu
225 1969 284 2040 fuit,
299 1988 347 2027 me
361 1988 423 2028 non
437 1972 537 2046 attigit.
580 1971 723 2042 Plancius,
738 1971 828 2030 homo
848 1971 997 2031 officiosis-

58 2071 158 2138 simus,
186 2086 233 2126 me
261 2068 340 2142 cupit
368 2086 432 2127 esse
459 2086 560 2126 secum
587 2079 615 2128 et
643 2070 738 2128 adhuc
766 2071 877 2128 retinet.
934 2068 1000 2143 Ego

58 2167 191 2225 volebam
215 2165 282 2223 loeo
301 2165 396 2240 magis
421 2166 534 2225 deserto
559 2185 623 2225 esse
647 2168 677 2224 in
698 2166 797 2242 Epiro,
821 2184 879 2241 quo
905 2183 1000 2240 neque

61 2264 158 2340 Hispo
173 2264 280 2321 veniret
293 2281 348 2322 nec
362 2264 475 2336 milites,
491 2265 543 2324 sed
558 2264 653 2324 adhuc
668 2265 802 2324 Plancius
816 2283 863 2322 me
881 2265 1001 2336 retinet;

62 2372 157 2439 sperat
171 2380 258 2437 posse
279 2362 347 2435 fieri,
372 2373 404 2421 ut
424 2381 541 2424 mecum
561 2364 590 2421 in
612 2364 725 2422 Italiam
746 2363 884 2422 decedat:
915 2381 1002 2438 quem

64 2478 120 2539 ego
134 2461 209 2519 diem
225 2462 249 2520 si
262 2462 361 2522 videro
376 2472 405 2521 et
420 2465 442 2522 si
457 2465 487 2521 in
501 2474 627 2522 vestrum
646 2463 832 2538 complexum
846 2481 954 2523 venero
968 2482 1003 2522 ac

65 2562 89 2620 si
111 2570 139 2619 et
160 2580 210 2620 vos
229 2571 258 2619 et
281 2580 330 2620 me
353 2563 450 2639 ipsum
474 2581 655 2640 recuperam,
678 2563 746 2621 satis
768 2581 909 2640 magnum
934 2562 1005 2620 mihi

67 2661 186 2718 fructum
199 2660 319 2718 videbor
333 2662 498 2737 percepisse
513 2672 542 2721 et
555 2672 665 2721 vestrae
679 2661 792 2737 pietatis
807 2671 835 2719 et
848 2679 938 2720 meae.
977 2680 1004 2733 4.

68 2759 177 2818 Pisonis
190 2759 364 2833 humanitas,
378 2761 474 2833 virtus,
491 2779 573 2820 amor
587 2763 618 2819 in
637 2779 740 2820 omnes
759 2779 815 2820 nos
836 2771 933 2820 tantus
953 2771 1005 2831 est,

70 2867 100 2915 ut
125 2857 190 2914 nihil
217 2875 304 2934 supra
327 2860 438 2934 possit:
471 2861 583 2919 utinam
608 2879 643 2919 ca
670 2878 717 2919 res
739 2860 766 2918 ei
788 2860 927 2936 voluptati
952 2861 1004 2918 sit!

73 2956 172 3031 gloriae
194 2957 312 3032 quidem
336 2958 421 3017 video
445 2956 515 3018 sore.
567 2959 614 3018 Dc
639 2957 675 3031 Q.
702 2957 788 3017 fratre
810 2959 879 3016 nihil
901 2959 958 3035 eg'o
978 2969 1006 3019 te

75 3056 205 3126 accusavi,
222 3056 273 3114 scd
293 3076 354 3128 vos,
370 3076 437 3116 cum
458 3059 628 3135 praesertim
648 3069 709 3117 tam
729 3059 816 3135 pauci
838 3059 906 3128 sitis,
928 3058 1006 3116 volui

76 3173 231 3230 essequam
246 3156 507 3216 coniunctissimos.
550 3172 578 3231 5.
601 3156 716 3228 Quibus
731 3177 779 3216 me
793 3157 907 3217 voluisti
922 3176 1007 3235 agere

77 3254 180 3330 gratias,
205 3255 252 3330 egi
273 3265 302 3313 et
322 3274 370 3314 me
398 3275 416 3314 a
443 3265 472 3315 te
501 3256 652 3315 certiorem
676 3256 784 3315 factum
809 3275 873 3315 esse
897 3257 1006 3333 scripsi.

81 3353 162 3425 Quod
174 3353 211 3411 ad
224 3372 280 3426 me,
295 3372 361 3413 mea
376 3355 524 3426 Terentia,
539 3356 639 3414 scribis
657 3364 686 3414 te
703 3357 797 3415 vicum
818 3356 1008 3420 vendituram,

83 3452 154 3528 quid,
166 3454 287 3512 obsecro
304 3462 429 3524 te,—me
451 3454 721 3533 misemmi-quid
742 3437 868 3514 futurum
890 3455 952 3511 est?
973 3464 1009 3524 et,

534 3571 552 3612 a
