2454 3842
62 236 161 324 apsa]
270 253 379 304 aaran
401 252 451 300 nn
472 253 635 302 ATTIGUM
656 255 705 303 nr.
732 260 781 305 10.
935 253 996 324 153

61 409 227 483 cogitabam,
241 410 343 468 urbem
358 419 455 468 autem
473 419 502 468 et
521 410 663 486 populum
677 419 808 469 nostmm
823 411 996 470 servandum

60 507 96 564 ad
114 508 362 575 immortalitatem,
378 519 519 583 quantum
540 510 571 566 in
591 511 677 568 nobis
698 519 783 579 esset,
805 511 953 585 putabam,
968 521 997 568 et

59 617 152 664 tamen
169 625 237 682 spes
254 607 399 682 quaedam
420 627 468 666 me
485 609 648 667 oblectabat
666 608 737 679 sore,
752 619 783 666 ut
802 609 908 684 aliquid
926 627 996 666 con-

58 705 162 762 veniret
179 706 285 780 potius,
300 723 388 782 quam
408 717 456 764 aut
475 706 522 764 hic
544 717 656 765 tantum
675 707 790 765 sceleris
804 717 854 765 aut
872 707 918 764 ille
932 717 996 764 tan-

58 815 118 860 tum
131 802 230 878 flagitii
245 804 415 862 admitteret.
459 805 525 862 Alia
538 823 584 863 res
605 823 683 863 nunc
701 815 762 864 tota
776 815 827 875 est,
843 805 899 862 alia
912 823 998 864 mens

57 920 137 958 mea:
158 902 209 972 sol,
224 912 255 959 ut
274 913 317 960 est
338 903 369 959 in
389 912 439 960 tua
454 903 579 978 quadam
594 904 724 978 epistola,
739 904 879 962 excidisse
894 904 997 960 mihie

57 1000 167 1058 mundo
189 1000 305 1058 videtur.
349 999 390 1058 Ut
412 1013 540 1076 aegrot0,
562 1002 632 1059 dum
653 1002 750 1059 anima
771 1011 823 1071 est,
843 1020 910 1078 spes
931 1020 996 1059 esse

57 1099 165 1167 dicitur,
186 1099 228 1158 sic
249 1116 315 1173 eg0,
337 1099 435 1174 quoad
456 1099 613 1175 Pompeius
634 1101 665 1157 in
693 1101 775 1158 Italia
798 1100 857 1169 fuit,
880 1118 997 1175 sperare

56 1215 117 1254 non
145 1197 256 1255 destiti:
287 1197 359 1256 haec
386 1216 434 1255 me
455 1197 625 1269 fefellerunt,
650 1207 687 1267 et,
709 1208 741 1256 ut
762 1217 861 1256 verum
885 1199 998 1274 loquar,

55 1305 135 1353 aetas
149 1297 206 1354 iam
220 1315 238 1354 a
252 1297 391 1354 diuturnis
412 1296 560 1354 laboribus
574 1297 685 1354 devexa
698 1299 735 1355 ad
751 1299 843 1356 otium
858 1299 999 1356 domesti-

54 1412 154 1452 carum
181 1412 228 1452 me
256 1412 350 1452 rerum
375 1395 564 1453 delectatione
591 1396 719 1454 mollivit.
775 1396 871 1465 Nunc,
901 1397 925 1454 si
952 1395 998 1453 vel

54 1493 215 1569 periculose
250 1494 462 1569 experiundum
491 1495 552 1563 erit,
580 1496 711 1570 experiar
746 1505 831 1565 certe,
863 1505 894 1552 ut
928 1495 998 1553 hinc

53 1591 175 1650 avolem.
219 1591 296 1650 Ante
321 1593 448 1667 oportuit
472 1593 593 1650 fortasse
605 1613 613 1665 ;
646 1594 698 1652 sed
723 1613 766 1663 ea,
789 1611 863 1669 quae
889 1596 998 1670 scripsi,

53 1711 103 1750 me
128 1691 274 1748 tardarunt
297 1702 326 1749 et
350 1696 504 1750 auctoritas
531 1693 659 1750 maxime
680 1703 737 1751 tua.
781 1713 808 1764 4.
830 1692 909 1751 Nam
931 1711 998 1751 cum

52 1791 92 1848 ad
123 1789 201 1846 hunc
227 1790 324 1848 locum
351 1790 503 1860 venissem,
533 1791 623 1847 evolvi
647 1791 784 1848 volumen
812 1793 998 1867 epistolarum

52 1903 178 1957 tuarum,
201 1889 281 1963 quod
303 1905 360 1964 ego
382 1889 432 1945 rub
456 1889 540 1963 signo
561 1889 657 1947 habeo
679 1907 820 1965 servoque
842 1891 999 1964 diligentis-

51 1989 136 2045 sime.
178 1986 247 2044 Erat
267 1987 353 2061 igitur
373 1987 403 2044 in
425 2005 468 2056 ea,
483 2004 571 2061 quam
593 2007 620 2045 x.
637 1987 675 2044 K.
690 1988 774 2047 Febr.
789 1989 918 2058 dederas,
940 1988 998 2046 hoc

50 2086 164 2144 modo:
199 2086 267 2143 ‘sed
294 2085 453 2155 videamus,
481 2097 509 2144 et
538 2084 658 2144 Gnaeus
682 2087 753 2162 quid
776 2096 844 2160 agat
868 2097 897 2144 et
925 2086 998 2143 illius

49 2185 182 2242 rationes
203 2202 341 2260 quorsum
362 2183 469 2241 fluant:
494 2184 618 2258 quodsi
640 2185 693 2242 iste
715 2185 827 2241 Italiam
848 2184 998 2258 relinquet,

50 2273 141 2340 faciet
156 2283 277 2340 omnino
292 2281 368 2340 male
382 2291 418 2353 et,
429 2293 460 2339 ut
471 2300 527 2356 ego
539 2283 682 2352 existimo,
694 2284 852 2355 ἀλογίστωςε
872 2281 997 2339 sedtum

49 2382 175 2439 demum
194 2382 313 2439 consilia
331 2390 432 2438 nostra
445 2381 654 2438 commutanda
668 2380 768 2439 erunt!
812 2379 881 2438 Hoc
896 2381 997 2438 scribis

47 2490 122 2556 post
144 2481 222 2538 diem
242 2489 385 2555 quartum,
399 2497 488 2554 quam
509 2480 546 2536 ab
560 2480 632 2537 urbe
647 2480 839 2538 discessimus
883 2478 999 2537 Deinde

48 2595 115 2636 vm.
127 2577 167 2634 K.
178 2578 260 2636 Febr.
274 2596 281 2636 ε
303 2583 433 2636 ‘tantum
447 2577 538 2635 modo
553 2577 673 2636 Gnaeus
684 2589 783 2635 noster
793 2595 838 2648 ne,
848 2587 879 2634 ut
897 2579 999 2635 urbem

47 2674 203 2748 ἀλογίστως
216 2677 337 2751 reliquit,
352 2677 393 2734 sic
415 2674 528 2733 Italiam
547 2675 705 2750 relinquat'
746 2675 861 2733 Eodem
881 2675 927 2733 die
947 2676 999 2734 das

47 2775 161 2832 alteras
181 2775 297 2845 litteras,
313 2776 418 2851 quibus
432 2775 503 2832 mihi
518 2775 682 2833 consulenti
696 2773 863 2850 planissime
877 2793 1000 2850 respon-

46 2875 106 2932 des
111 2894 120 2945 ;
143 2883 188 2932 est
201 2875 279 2932 eninr
291 2875 344 2933 sic:
367 2874 432 2932 ‘sed
446 2875 530 2932 venio
545 2874 583 2932 ad
592 2873 833 2931 consultationem
848 2884 936 2931 tuam.
971 2874 1002 2932 Si

47 2971 178 3029 Gnaeus
189 2970 272 3030 Italia
287 2971 370 3042 cedit,
379 2973 409 3028 in
419 2973 521 3030 urbem
534 2972 716 3029 redeundum
727 2981 816 3046 put0;
839 2990 913 3046 quae
922 2973 1001 3030 enirn

47 3071 121 3128 finis
137 3069 412 3146 peregrinationisl’
434 3070 504 3128 Hoc
518 3070 588 3126 mihi
610 3069 696 3144 plane
709 3069 810 3140 haesit,
825 3081 853 3127 et
868 3089 947 3128 nunc
960 3072 1000 3129 ita

45 3169 150 3238 vidc0‚
167 3169 310 3227 infinitum
323 3169 431 3228 bellum
445 3169 576 3226 iunctum
589 3169 750 3225 miserrima
768 3167 845 3242 fuga,
861 3186 951 3244 quam
970 3179 1001 3227 tu

46 3268 322 3344 peregrinationem
350 3267 493 3341 ὑποκορίζῃ.
540 3280 566 3339 5.
591 3265 724 3341 Sequitur
751 3270 868 3338 χρησμὸς
895 3285 933 3324 vr.
958 3266 998 3325 K.

45 3366 246 3425 Februarias:
269 3371 349 3440 ‘ego
365 3367 388 3424 si
408 3365 565 3441 Pompeius
582 3375 680 3422 manet
693 3367 723 3422 in
738 3365 820 3422 ltalia
834 3382 888 3422 nec
902 3383 948 3422 res
963 3365 1001 3422 ad

44 3465 224 3541 pactionem
249 3465 334 3533 venit,
355 3465 469 3539 longius
494 3463 601 3521 bellum
622 3472 693 3538 puto
714 3463 776 3521 lore
786 3483 794 3536 3
821 3464 866 3521 sin
886 3463 1000 3520 Italiam
