2452 3842
61 280 107 340 ap.
126 265 181 348 70]
259 279 372 326 sarar.
394 280 444 326 An
465 277 746 329 murrinam-11.
773 267 822 329 16.
948 269 1007 347 165

64 438 134 487 nota
155 438 239 502 sunt3
262 431 293 488 in
313 430 358 488 his
379 431 449 488 mihi
468 450 589 491 necesse
609 442 654 490 est
675 450 749 502 esse,
763 451 801 490 ne
822 433 924 492 amicis
944 451 1007 491 mo-

64 527 152 586 lestus
180 529 244 587 sim.
286 527 377 600 Quod
409 539 508 588 autem
536 531 566 588 in
594 530 744 589 maritimis
772 529 905 589 facillime
935 550 1007 602 sum,

64 643 169 684 moveo
190 644 252 685 non
274 627 359 685 nullis
380 629 573 704 suspitionem
594 629 666 688 velle
686 647 734 688 me
755 629 906 704 navigare;
928 628 1008 704 quod

65 732 162 782 tamen
176 723 298 784 fortasse
312 743 374 784 non
388 726 505 798 nollem,
521 728 546 786 si
565 744 684 804 possem
700 726 738 784 ad
757 727 865 785 otium:
888 744 956 784 nam
970 727 1008 784 ad

64 820 171 879 bellum
185 823 303 897 quidem
317 827 367 901 qui
385 826 542 884 convenit?
564 825 732 902 praesertim
752 833 852 883 contra
869 825 1008 894 eumeni

65 937 150 995 spero
172 939 220 980 me
244 922 447 994 satisfecisse,
473 924 510 982 ab
533 942 579 994 e0‚
603 924 650 983 cui
671 924 729 982 iam
752 923 821 982 satis
844 923 904 982 fieri
928 924 1007 982 nullo

63 1019 155 1077 modo
177 1030 281 1095 potest
325 1041 351 1096 3.
374 1021 489 1080 Deinde
511 1021 801 1102 sententiamvmeam
821 1031 853 1080 tu
873 1021 1008 1081 facillime

64 1117 228 1192 perspicere
242 1121 361 1194 potuisti
375 1122 433 1180 iam
447 1120 548 1179 abillo
562 1131 703 1196 tempore,
715 1138 782 1178 cum
797 1121 827 1178 in
841 1120 1008 1179 Cumanum

64 1215 134 1273 mihi
158 1217 274 1275 obviam
294 1218 413 1278 venisti:
437 1237 498 1277 non
522 1220 600 1277 enim
623 1228 651 1277 te
676 1218 765 1278 celavi
788 1237 955 1288 sermonem
968 1218 1008 1279 T.
1074 1267 1077 1273 .

64 1314 180 1389 Ampii;
205 1315 306 1387 vidisti,
329 1335 420 1392 quarn
444 1317 631 1375 abhorrerem
656 1318 693 1375 ab
714 1318 785 1375 urbe
809 1318 1007 1394 relinquenda,

65 1431 133 1471 cum
147 1413 303 1474 audissem.
346 1414 454 1474 Nonne
468 1416 521 1474 tibi
540 1416 689 1474 adfirmavi
708 1415 822 1492 quidvis
842 1435 889 1474 me
909 1417 1006 1492 potius
1043 1478 1046 1482 ,

64 1529 268 1586 perpessurum
290 1523 378 1589 quam
397 1532 434 1572 ex
449 1513 533 1572 Italia
553 1513 592 1573 ad
613 1515 720 1573 bellum
742 1514 823 1572 civile
842 1515 1007 1573 exitumm?

65 1609 146 1680 Quid
161 1628 231 1685 ergo
245 1612 358 1682 accidit,
373 1631 425 1670 cur
439 1612 592 1670 consilium
609 1614 773 1671 mutarem?
794 1631 893 1671 nonne
907 1613 1008 1671 omnia

64 1709 170 1783 potius,
191 1718 223 1768 ut
243 1709 274 1768 in
295 1711 438 1769 sententia
458 1713 682 1787 permanerem?
724 1712 833 1771 Credas
854 1712 912 1771 boc
936 1713 1007 1771 mihi

63 1809 158 1879 velim,
177 1809 258 1885 quod
279 1820 351 1886 puto
370 1820 399 1868 te
420 1811 592 1881 existimare,
607 1828 655 1868 me
676 1829 713 1869 ex
730 1811 775 1870 his
795 1809 915 1870 miseriis
937 1812 1008 1870 nihil

63 1907 142 1966 aliud
159 1925 297 1984 quaerere
316 1909 371 1967 nisi
390 1918 423 1967 ut
441 1908 574 1967 homines
596 1908 751 1984 aliquando
771 1909 938 1986 intellegant
958 1915 1010 1970 me'

62 2006 137 2065 nihil
160 2006 296 2066 maluisse
318 2024 408 2082 quam
428 2024 540 2082 pacem,
561 2025 596 2064 ea
616 2006 768 2082 desperata
788 2007 858 2064 nihil
879 2019 939 2066 tam
960 2009 1005 2066 fu·

61 2107 141 2181 gisse
156 2123 245 2181 quam
259 2123 340 2164 arma
359 2105 467 2164 civilia:
493 2105 577 2164 huius
595 2123 652 2164 me
662 2105 841 2164 constantiae
858 2115 929 2181 puto
943 2107 1006 2166 fore

61 2214 94 2262 ut
116 2197 278 2278 numquam
298 2203 453 2279 paeniteat.
493 2202 610 2261 Etenim
631 2204 750 2262 memini
770 2204 801 2261 in
821 2203 878 2262 hoc
900 2221 1007 2279 genere

61 2302 179 2378 gloriari
197 2301 312 2361 solitum
329 2319 394 2360 esse
413 2300 581 2360 familiarem
601 2311 733 2360 nostrum
752 2301 791 2373 Q.
805 2301 1005 2374 Hortensium,

60 2401 144 2478 quod
166 2418 326 2476 numquam
347 2400 423 2458 bello
445 2401 518 2458 civili
539 2400 729 2459 interfuisset:
751 2400 809 2459 hoc
828 2411 926 2459 nostra
943 2402 1006 2460 laus

60 2503 116 2560 erit
133 2500 275 2570 illustrior,
290 2499 372 2575 quod
390 2499 428 2557 illi
449 2500 628 2558 tribuebatur
645 2500 795 2574 ignaviae;
818 2501 855 2558 de
871 2501 957 2558 nobis
976 2499 1007 2558 id

58 2599 217 2658 existimari
237 2615 325 2675 posse
346 2616 407 2656 non
428 2598 556 2656 arbitror.
600 2617 627 2669 4.
649 2597 713 2656 Nec
734 2617 782 2657 me
807 2599 862 2656 ista
886 2608 1004 2668 terrent,

60 2717 138 2774 quae
157 2697 228 2756 mihi
247 2715 265 2756 a
285 2709 314 2756 te
335 2697 373 2756 ad
393 2697 527 2754 timorem
542 2696 679 2755 fidissime
701 2706 787 2774 atque
808 2699 1005 2756 amantissime

59 2804 282 2873 proponuntur3
303 2795 382 2854 nulla
400 2804 443 2853 est
464 2795 544 2853 enim
561 2796 710 2865 acerbitas
733 2813 807 2872 quae
829 2814 889 2854 non
910 2797 1006 2854 omni·

58 2897 116 2953 bus
130 2894 186 2953 hac
201 2894 280 2953 orbis
300 2901 439 2952 terrarum
456 2893 670 2969 perturbatione
685 2893 854 2970 impendere
868 2895 1004 2965 videatur,

58 3012 151 3070 quam
165 2992 283 3068 quidem
298 3009 356 3067 ego
370 3010 388 3049 a
401 3010 431 3049 re
445 2991 561 3068 publica
574 2992 648 3048 meis
662 2991 779 3068 privatis
797 3003 825 3050 et
839 2992 1005 3052 domesticis

57 3091 258 3151 incommodis
272 3090 459 3148 libentissime
474 3089 518 3147 vel
532 3090 595 3147 istis
609 3090 689 3165 ipsis,
704 3109 778 3166 quae
793 3100 824 3149 tu
838 3110 886 3149 me
900 3109 1004 3150 mones

58 3203 92 3250 ut
114 3207 241 3260 caveam,
256 3189 454 3248 redemissem.
497 3201 523 3262 5.
547 3188 620 3246 Filio
639 3206 715 3258 me0‚
730 3207 817 3265 quem
838 3191 888 3248 tibi
906 3209 1005 3250 carum

57 3308 126 3349 esse
145 3289 270 3366 gaudeo,
285 3288 309 3346 si
330 3289 383 3346 erit
401 3285 459 3345 ulla
478 3304 524 3344 res
543 3286 666 3362 publica,
682 3288 750 3346 satis
769 3288 898 3363 amplum
917 3290 1004 3365 patri-

56 3389 195 3456 monium
218 3387 380 3463 relinquam
405 3385 576 3445 memoriam
601 3385 727 3444 nominis
754 3386 829 3458 mei,
859 3388 884 3446 si
908 3397 1004 3446 autem

57 3486 140 3546 nulla
167 3486 229 3558 erit,
253 3485 324 3544 nihil
349 3485 460 3544 accidet
484 3486 510 3543 ei
535 3485 687 3561 separatim
709 3504 727 3544 a
749 3485 864 3562 reliquis
887 3487 1004 3544 civibus.
