2454 3842
58 267 101 328 ap.
118 250 174 334 aa]
282 263 393 315 nater.
417 264 467 314 ab
487 264 655 316 arrrcrrn
678 269 706 318 r.
731 272 781 319 21.
947 267 1006 336 105

58 433 159 487 amas;
185 423 216 474 tu
240 416 318 474 enim
343 435 391 476 me
415 416 488 476 haec
510 417 605 477 facere
627 418 749 478 voluisti.
792 423 819 478 8.
840 419 900 478 Iter
922 421 1007 494 igitur

58 516 99 576 ita
123 531 175 589 per
195 513 297 576 Asiam
320 513 385 586 seci,
410 525 442 573 ut
464 515 551 576 etiam
576 517 676 588 fames,
700 536 758 594 qua
781 517 851 576 nihil
874 518 1006 578 miserius

57 621 112 682 est,
133 630 206 687 quae
225 621 287 672 turn
307 622 368 673 erat
386 614 416 672 in
436 612 491 672 hac
511 632 578 673 mea
597 615 812 674 Asia—messis
832 617 910 674 enim
928 615 1006 674 nulla

57 708 200 781 merat-,
214 709 285 768 mihi
303 711 433 786 optanda
451 710 554 772 fuerit:
575 731 759 789 quacumque
777 715 830 771 iter
848 713 912 784 ieci,
927 713 1006 772 nulla

58 808 95 877 vi,
116 807 196 866 nullo
217 808 331 879 iudicio,
353 808 431 868 nulla
454 809 638 880 contumelia,
659 811 828 880 auctoritate
850 821 879 869 et
903 810 1005 869 cohor-

57 905 168 967 tatione
189 905 304 981 perfeci,
324 915 406 967 utet
426 904 531 968 Graeci
551 916 579 966 et
607 908 683 966 cives
712 907 847 980 Romani,
869 909 919 985 qui
947 908 961 966 l
993 941 1005 956 -

58 1012 191 1064 mentum
212 1013 454 1079 compresserant,
473 1022 614 1079 magnum
635 1024 787 1064 numemm
808 1007 922 1084 populis
942 1007 1006 1083 pol·

58 1101 221 1160 licerentur.
277 1119 304 1174 9.
326 1100 427 1162 Idibus
455 1103 626 1173 Februariis,
654 1121 713 1186 quo
741 1104 788 1163 die
816 1105 868 1164 has
900 1105 1005 1164 litteras

60 1197 138 1268 dedi,
165 1199 263 1262 sorum
293 1200 470 1262 institueram
501 1217 587 1275 agere
619 1199 782 1260 Laodiceae
811 1202 1005 1278 Cibyraticum

59 1307 89 1356 et
118 1296 295 1372 Apamense,
323 1317 359 1360 ex
387 1297 490 1360 Idibus
521 1295 635 1358 Martiis
668 1299 776 1358 ibidem
807 1299 1005 1377 Synnadense,

59 1393 382 1471 Pamphylium-tum
410 1395 532 1459 Phemio
561 1396 712 1472 dispiciam
739 1399 1006 1476 ripae—,Lycao-

58 1493 151 1565 nium,
176 1493 351 1568 Isauricum
384 1514 421 1557 ex
449 1494 550 1554 Idibus
577 1493 664 1553 Maiis
692 1496 721 1554 in
747 1495 885 1568 Ciliciam,
907 1509 940 1556 ut
967 1499 1006 1556 ibi

59 1591 161 1650 lunius
185 1603 379 1664 consumatur,
404 1593 488 1654 velim
515 1593 667 1668 tranquille
692 1611 709 1651 a
733 1593 852 1654 Parthis.
896 1595 1007 1667 Quinc·

58 1689 125 1760 tilis,
141 1691 166 1750 si
185 1691 246 1761 crit,
260 1701 291 1750 ut
305 1693 446 1764 volumus,
461 1691 492 1753 in
511 1692 611 1752 itinere
633 1701 677 1750 est
695 1710 747 1767 per
766 1695 944 1768 provinciam
963 1713 1006 1757 re-

60 1789 216 1854 deuntibus
243 1791 477 1852 consumendus:
506 1792 639 1854 venimus
663 1792 741 1850 enim
770 1794 799 1850 in
827 1794 1005 1867 provinciam

60 1882 265 1967 [Laodiceam]
303 1887 429 1964 Sulpicio
465 1898 494 1948 et
529 1888 670 1950 Marcello
704 1891 880 1961 consulibus,
913 1892 1006 1966 pridie

60 1985 211 2048 Kalendas
235 1986 372 2058 Sextilem
403 1987 470 2046 inde
494 2005 549 2046 nos
570 1997 684 2062 oportet
707 1988 847 2046 decedere
867 2007 892 2046 a.
915 1991 942 2047 d.
964 2009 1006 2050 111.

62 2083 214 2147 Kalendas
236 2084 365 2146 Sextiles.
414 2085 543 2146 Primum
568 2086 745 2146 contendam
768 2105 786 2144 a
814 2084 924 2157 Quinto
952 2085 1007 2144 fra-

61 2193 113 2254 tre,
126 2193 158 2242 ut
176 2201 208 2242 se
225 2183 343 2259 praefici
362 2184 494 2259 patiatur,
508 2184 588 2259 quod
606 2192 635 2242 ct
654 2182 703 2241 illo
723 2192 751 2242 et
770 2202 818 2241 me
836 2183 1006 2242 invitissimo

61 2282 127 2353 fiet;
156 2282 210 2343 sed
230 2281 309 2340 aliter
327 2281 449 2342 honeste
470 2281 531 2342 lieri
548 2299 611 2340 non
631 2289 734 2356 potest,
753 2283 920 2356 praesertim
939 2300 1006 2340 cum

60 2381 154 2444 virum
181 2382 333 2456 optimum,
358 2379 554 2455 Pomptinum,
576 2397 613 2436 ne
642 2397 719 2440 nunc
740 2379 857 2456 quidem
884 2380 1006 2442 retinere

60 2479 190 2554 possim:
215 2480 289 2556 rapit
309 2479 459 2540 hominem
479 2473 582 2559 [enim]
602 2477 771 2537 Postumius
791 2477 926 2549 Romam,
948 2477 1005 2537 for·

60 2587 139 2637 tasse
166 2579 253 2641 etiam
281 2578 438 2639 Postumia.
485 2576 587 2636 Habes
615 2576 737 2636 consilia
765 2586 870 2634 nostra
918 2575 1005 2635 Nunc

61 2693 210 2752 cognosce
234 2677 271 2738 de
299 2675 398 2737 Bruto.
444 2695 488 2736 ιο.
509 2673 674 2736 Familiares
699 2674 787 2734 habet
810 2676 915 2734 Brutus
939 2685 1006 2734 tuus

62 2775 207 2850 quosdam
222 2775 377 2834 creditores
391 2774 613 2832 Salaminiorum
627 2791 663 2831 ex
678 2772 785 2849 Cypro,
799 2772 841 2832 M.
858 2773 1006 2851 Scaptium

62 2883 91 2934 et
110 2872 142 2930 P.
158 2871 322 2944 Matinium,
337 2890 411 2949 quos
430 2871 501 2930 mihi
519 2871 660 2930 maiorem
675 2872 706 2928 in
719 2873 841 2931 modum
855 2891 1006 2956 commen-

62 2951 148 3032 davit
190 2970 345 3033 Matinium
366 2988 428 3029 non
451 2970 537 3042 novi;
566 2969 698 3046 Scaptius
722 2970 761 3028 ad
785 2988 833 3028 me
857 2973 887 3028 in
912 2980 1005 3030 castra

62 3070 156 3134 veuit:
186 3069 328 3145 pollicitus
353 3085 418 3128 sum
443 3077 607 3128 curaturum
629 3087 678 3125 me
702 3065 783 3126 Bruti
808 3079 957 3139 causant
980 3071 1007 3126 ei

63 3168 213 3232 Salaminii
236 3169 391 3244 pecuniam
410 3167 555 3226 solverent
562 3186 570 3239 ;
603 3167 662 3241 egit
683 3167 798 3240 gratias.
843 3166 1007 3226 Praefectu-

61 3285 126 3327 ram
149 3267 247 3342 petivit
256 3273 270 3326 τ’
294 3267 398 3341 negavi
422 3284 470 3324 me
492 3267 627 3341 cuiquam
648 3265 807 3340 negotianti
829 3265 906 3336 dare,
928 3267 1008 3342 quod

61 3367 142 3426 idem
163 3365 215 3426 tibi
239 3364 432 3425 ostenderam.
474 3363 528 3424 Cn.
551 3363 692 3440 Pompeio
716 3365 825 3441 petenti
853 3365 1007 3440 probaram

61 3465 224 3527 insuasum
242 3481 351 3536 meum,
365 3465 434 3540 quid
453 3464 567 3524 dicam?
609 3462 760 3541 Torquato
782 3463 818 3522 de
839 3461 881 3522 M.
896 3461 1007 3520 Laenio
