2432 3844
35 257 81 316 sp.
95 262 126 314 t,
143 241 191 322 8.]
290 251 472 301 armano
493 249 703 300 arrrcuur.
723 239 772 300 16.
964 257 1002 324 ¹5

35 412 85 468 sui
118 410 255 470 similem
283 410 313 468 in
340 411 553 486 magistratibus
575 420 687 486 praeter
709 409 824 469 Fufium
847 414 1002 472 neminem.

36 509 144 568 Bonis
170 509 279 569 utimur
303 510 424 569 tribunis
448 509 496 586 pl.,
518 508 648 568 Cornuto
676 527 744 568 vero
772 509 1002 571 Pseudocatone.

39 623 69 682 7.
102 608 195 680 Quid
223 609 357 685 quaeris?
386 607 472 667 Nunc
500 617 532 666 ut
556 608 594 667 ad
617 609 727 685 privata
750 608 875 681 redeam,
900 617 1004 686 Τεῦκριε

38 709 202 782 promissa
229 708 357 783 patravit.
399 708 448 765 Tu
474 707 613 767 mandata
641 705 730 778 effice,
757 725 831 784 quae
859 711 1002 786 recepisti.

42 807 85 878 Q.
97 806 204 877 frater,
215 807 265 882 qui
281 806 437 882 Argiletani
451 806 573 864 aedificii
588 805 730 881 reliquum
747 807 919 866 dodrantem
933 810 1003 868 emit

43 905 112 964 HS.
140 923 275 976 mcxxv,
297 905 498 964 Tusculanum
526 905 662 976 venditat,
685 913 725 976 ut,
750 906 774 964 si
801 907 901 981 possit,
926 917 1004 965 emat

43 1004 235 1063 Pacilianam
250 1004 379 1062 domum.
413 1001 491 1063 Cum
505 1002 631 1062 Lucceio
646 1005 677 1061 in
691 1005 813 1080 gratiam
826 1005 903 1062 redi:
918 1005 1002 1064 video

45 1103 209 1161 hominem
233 1103 317 1161 valde
341 1103 494 1179 petiturire.
536 1102 660 1161 Navabo
684 1121 812 1180 operam.
855 1102 912 1176 Tu,
934 1105 1005 1181 quid

47 1219 133 1275 agas,
158 1203 211 1260 ubi
240 1203 287 1274 sis,
310 1203 392 1260 cuius
418 1202 499 1261 modi
527 1202 598 1260 istae
622 1220 668 1260 res
692 1203 756 1275 sint,
778 1203 824 1262 fac
845 1221 892 1263 me
913 1223 1002 1280 quam

48 1302 277 1378 diligentissime
291 1302 451 1360 certiorem.
493 1300 595 1361 Idibus
610 1300 694 1360 Febr,

300 1527 326 1580 8.
369 1521 426 1582 AD
447 1521 641 1581 ATTICUM
662 1523 685 1581 Ι.
711 1526 754 1584 16.

214 1642 280 1700 Son.
304 1642 414 1702 Roma
434 1643 539 1702 Mnusu
560 1642 643 1702 Maro
665 1661 749 1703 nuc.
772 1645 839 1719 ⁶93·

376 1786 479 1828 CICERO
501 1786 607 1828 mico
628 1783 690 1828 SAL.

101 1909 126 1946 1.
150 1887 288 1958 Quassus
303 1905 340 1946 ex
358 1906 415 1957 me,
430 1886 499 1964 quid
513 1888 648 1946 acciderit
662 1889 698 1948 de
712 1889 827 1961 iudicio,
843 1892 924 1966 quod
942 1902 1001 1950 tam

57 1997 174 2063 praeter
191 1987 361 2061 opinionem
379 1987 511 2044 omnium
526 1984 634 2045 factum
651 1987 695 2058 sit,
713 1997 742 2045 et
761 1988 845 2046 simul
859 1990 901 2046 vis
920 1991 1001 2061 scire,

58 2102 119 2160 quo
138 2084 231 2142 modo
249 2101 306 2159 ego
325 2086 428 2155 minus,
443 2101 531 2160 quam
549 2085 667 2156 soleam,
681 2085 836 2160 proeliatus
858 2087 928 2144 sim:
956 2107 1001 2144 re-

59 2182 214 2259 spondebo
229 2183 280 2239 tlbl
293 2182 403 2256 ὕστερον
415 2187 540 2256 πρότερον
551 2183 697 2254 Ὁμηρικῶς.
732 2183 799 2258 Ego
814 2185 900 2254 enim,
912 2201 1000 2260 quam

60 2282 111 2338 diu
125 2291 241 2339 senatus
260 2281 413 2339 auctoritas
434 2280 505 2337 mihi
520 2278 703 2339 defendenda
717 2281 776 2351 fuit,
793 2281 833 2338 sic
855 2281 958 2338 acriter
972 2291 1001 2340 et

61 2378 245 2438 vehementer
281 2379 438 2455 proeliatus
476 2397 551 2449 sum,
579 2388 611 2437 ut
642 2379 754 2437 elamor
784 2395 1001 2456 concursusque

62 2478 188 2536 maxima
209 2493 276 2536 cum
295 2495 362 2536 mea
381 2477 467 2536 laude
491 2478 610 2537 fierent:
639 2478 720 2554 quod
741 2477 764 2536 si
785 2478 836 2536 tibi
861 2495 1000 2552 umquam

65 2594 128 2636 sum
150 2576 227 2635 visus
249 2575 280 2633 in
300 2595 331 2634 re
359 2577 475 2652 publica
499 2576 588 2648 sortis,
613 2587 690 2634 certe
714 2593 762 2634 me
789 2576 819 2632 in
843 2575 890 2634 illa
912 2593 1001 2636 causa

67 2675 217 2734 admiratus
231 2691 330 2747 esses;
356 2693 424 2733 cum
439 2675 518 2733 enim
531 2674 578 2734 ille
593 2674 632 2733 ad
650 2676 803 2733 contiones
821 2674 1001 2750 confugisset

67 2774 193 2849 iurisque
207 2789 276 2831 meo
290 2774 410 2832 nomine
424 2773 461 2831 ad
471 2773 609 2833 invidiam
619 2783 755 2844 uteretur,
766 2774 796 2831 di
806 2774 999 2833 immortales!

70 2888 138 2948 quas
150 2889 204 2948 ego
218 2887 334 2948 pugnas
345 2882 374 2930 et
390 2881 512 2947 quantas
530 2882 642 2948 strages
659 2872 753 2931 edidil
781 2889 858 2948 quos
875 2873 1000 2948 impetus

71 2972 99 3028 in
119 2969 259 3039 Pisonem,
278 2971 309 3027 in
326 2968 493 3039 Curionem,
519 2970 549 3028 in
572 2979 666 3028 totam
682 2971 762 3028 illam
783 2987 903 3029 manum
928 2970 999 3028 fecii

73 3085 127 3144 quo
151 3068 239 3125 modo
267 3085 333 3126 sum
360 3069 516 3126 insectatus
540 3067 685 3127 levitatem
715 3085 826 3139 senum,
851 3067 1000 3127 libidinem
1044 3061 1048 3074 '

74 3167 228 3225 iuventutis!
249 3183 346 3243 saepe,
367 3168 407 3226 ita
427 3185 475 3224 me
496 3166 525 3225 di
547 3168 662 3226 iuvent!
685 3177 714 3226 te
734 3184 795 3225 non
816 3167 910 3226 solum
931 3184 1000 3226 auc·

74 3275 157 3324 torem
182 3265 367 3324 consiliorum
395 3283 536 3337 meorum,
563 3283 662 3324 verum
690 3265 778 3323 etiam
807 3275 999 3342 spectatorem

75 3380 222 3440 pugnarum
234 3363 419 3422 mirificarum
433 3364 601 3424 desideravi.
655 3383 681 3422 a.
703 3361 809 3422 Postea
824 3381 893 3422 vero
910 3379 999 3438 quam

78 3462 235 3522 Hortensius
267 3463 450 3538 excogitavit,
481 3472 512 3522 ut
543 3463 638 3540 legem
663 3462 700 3522 de
715 3461 871 3538 -religione
900 3458 999 3517 Fufius
