2436 3836
11 217 71 281 Ep.
87 205 236 288 138‚139.]
258 207 369 270 aaran.
385 215 434 266 An
448 218 672 267 enutrieras
686 219 718 268 x.
740 224 788 270 11.
920 205 980 289 267

12 368 46 428 si
73 383 129 425 me
152 367 293 446 intellegis
314 369 425 428 nullum
445 388 540 445 neque
559 367 720 448 periculum
739 387 834 446 neque
851 369 983 429 laborem

12 467 147 542 patriae
177 467 346 544 denegasse,
376 469 400 526 si
429 478 529 526 contra
556 468 820 546 importunissimos
854 468 982 527 latrones

15 581 119 622 arma
133 565 200 641 cepi
218 575 246 624 te
261 565 392 624 hortante
411 576 440 625 et
461 576 588 639 auctore,
603 567 628 624 si
648 584 710 624 non
728 566 824 624 solum
842 566 999 625 exercitus·

18 664 69 722 ad
85 681 155 720 rem
175 664 321 740 publicam
342 665 560 741 libertatemque
574 665 789 724 defendendam
808 665 983 741 comparavi,

19 761 87 820 sed
103 762 194 819 etiam
208 761 411 822 crudelissimis
425 765 554 840 tyrannis
568 764 668 841 erIpui,
683 781 758 840 quos
773 763 797 821 si
811 771 984 838 occupasset

22 845 210 932 Dolabella,
231 878 291 919 non
321 862 416 920 solum
444 861 578 934 adventu,
601 861 763 921 sedetiam
787 861 926 937 opinione
953 868 982 918 et

20 959 257 1034 exspectatione
280 963 420 1020 exercitus
448 963 493 1020 sui
518 962 680 1020 Antonium
705 959 913 1020 confirmasset.
957 977 983 1033 3.

24 1057 125 1128 Quas
147 1057 188 1115 ob
208 1077 254 1117 res
275 1060 378 1118 milites
396 1069 484 1131 tuere,
498 1059 523 1118 si
544 1076 595 1117 eos
616 1058 735 1116 mirifice
757 1058 793 1117 de
814 1076 845 1115 re
866 1056 984 1133 publica

23 1155 159 1218 meritos
170 1173 234 1214 esse
246 1158 456 1228 animadvertis,
469 1166 498 1217 et
510 1157 600 1229 effice,
611 1175 649 1215 ne
664 1174 752 1231 quem
763 1155 908 1232 paeniteat
921 1172 984 1212 rem

24 1251 188 1328 publicam
197 1273 286 1331 quam
301 1273 383 1332 spem
396 1255 521 1332 praedae
532 1263 561 1313 et
574 1254 739 1331 rapinarum
749 1253 831 1328 sequi
840 1251 982 1310 malmsse.

26 1349 116 1409 Item
137 1351 234 1411 Murci
254 1363 284 1411 et
304 1352 400 1431 Crispi
419 1355 628 1430 imperatorum
650 1352 829 1428 dIgnitatem,
843 1358 984 1425 quantum

28 1459 83 1508 est
97 1450 130 1507 in
144 1460 181 1522 te,
195 1460 291 1511 tuere:
313 1471 382 1510 nam
396 1453 504 1511 Bassus
524 1453 629 1511 misere
647 1451 739 1509 noluit
753 1450 824 1508 mihi
838 1449 984 1525 legionem

28 1547 171 1620 tradere3
199 1549 282 1624 quod
301 1551 355 1608 nisi
375 1550 480 1608 milites
500 1551 590 1608 invito
616 1567 652 1607 eo
673 1549 785 1624 legatos
806 1547 843 1606 ad
864 1564 911 1604 me
932 1545 984 1601 mi·

31 1649 155 1718 sissent,
170 1648 298 1706 clausam
318 1649 481 1725 Apameam
503 1649 651 1718 tenuisset,
668 1647 767 1724 quoad
787 1646 815 1704 vi
836 1654 913 1703 esset
934 1661 984 1702 ex-

32 1753 180 1822 pugnata
223 1744 307 1804 Haec
328 1755 390 1804 ate
411 1754 481 1821 peto
499 1762 561 1802 non
583 1744 680 1802 solum
696 1743 738 1801 rei
751 1743 894 1818 publicae,
910 1760 985 1818 quae

32 1843 93 1902 tibi
122 1859 237 1919 semper
264 1843 315 1901 fuit
343 1843 506 1914 carissima·
521 1842 574 1901 sed
594 1843 682 1900 etiarn
704 1841 846 1899 amicitiae
867 1852 984 1898 nostrae

34 1939 171 2012 nomine,
181 1959 270 2017 quarn
285 1941 402 2000 confido
414 1941 492 2018 apud
501 1951 529 1999 te
543 1940 698 2016 plurimum
712 1956 809 2014 posse.
847 1957 872 2010 4.
890 1937 984 1996 Crede

36 2037 115 2097 mihi
134 2038 212 2098 hune
234 2041 400 2113 exercitum,
415 2058 503 2116 quem
525 2040 627 2111 habe0,
643 2047 760 2096 senatus
778 2045 865 2113 atque
883 2037 985 2112 optimi

38 2137 183 2213 cuiusque
203 2156 266 2196 esse
286 2139 471 2214 maximeque
492 2147 582 2208 tuum,
598 2135 634 2195 de
649 2137 730 2194 cuius
749 2136 896 2194 voluntate
910 2133 985 2192 adsi-

39 2237 102 2294 due
121 2234 265 2294 audiendo
286 2236 405 2294 mirifice
426 2245 454 2293 te
476 2235 568 2311 diligit
588 2252 746 2309 carumque
766 2232 871 2291 habet:
893 2232 942 2307 qui
962 2233 988 2298 sif

39 2333 212 2394 intellexerit
226 2334 383 2392 commoda
403 2352 456 2392 sua
464 2351 554 2393 curae
574 2333 625 2391 tibi
645 2350 719 2403 esse,
733 2332 839 2390 debere
854 2329 940 2388 etiam
954 2331 987 2387 se
1015 2362 1028 2382 .

39 2432 97 2491 tibi
110 2433 207 2489 omnia
221 2431 340 2508 putabit.

89 2545 116 2602 5.
136 2528 250 2588 Litteris
265 2530 376 2606 seriptis
387 2528 482 2587 audivi
492 2528 675 2588 Dolabellam
690 2529 720 2586 in
730 2527 861 2586 Ciliciam
874 2527 986 2585 venisse

42 2647 114 2691 cum
135 2627 192 2686 suis
213 2629 320 2704 copiIs:
341 2628 508 2705 proficiscar
528 2629 558 2685 in
579 2627 718 2686 Ciliciam.
762 2624 851 2696 Quod
869 2625 986 2700 egerim,

43 2726 174 2789 celeriter
187 2736 218 2784 ut
232 2726 315 2797 scias,
331 2726 407 2784 dabo
427 2743 564 2800 operam3
586 2744 621 2783 ac
634 2724 728 2796 velim,
743 2732 774 2781 ut
792 2740 936 2780 meremur
951 2723 987 2781 de

43 2847 79 2887 re
104 2823 224 2900 publica,
247 2826 288 2883 sic
313 2823 411 2882 felices
432 2824 529 2882 simus.
570 2823 629 2882 Fac
650 2822 745 2880 valeas
769 2839 875 2896 meque
898 2839 987 2882 ames.

44 2923 143 2985 Nonis
157 2921 244 2982 Maiis
258 2941 295 2980 ex
310 2922 420 2982 castris.

237 3041 304 3096 139.
344 3035 402 3094 AD
422 3033 674 3094 FAMILIARES
695 3033 731 3092 X.
757 3051 801 3092 11.

108 3135 170 3195 Scn.
191 3154 222 3193 nr
241 3135 469 3194 Abboanoornus
489 3153 528 3192 vr.
551 3133 621 3191 Inus
642 3131 740 3190 Minis
760 3150 844 3191 nuc.
868 3145 934 3207 711.

378 3249 503 3290 annuens
524 3249 665 3290 crcnnour.

95 3353 118 3391 1.
139 3331 330 3391 quonmrcs
351 3348 408 3407 ago
429 3329 479 3387 tibi
500 3330 606 3404 gratias
628 3345 771 3404 agamque
792 3327 861 3385 dum
875 3327 968 3385 vivam
979 3347 989 3398 3

49 3449 119 3494 nam
139 3430 293 3488 relaturum
316 3447 366 3488 me
384 3427 536 3486 adlimam
558 3444 619 3486 non
639 3443 777 3504 possum:
802 3425 888 3485 tantis
908 3424 987 3486 enim
