2432 3844
52 281 97 342 ap.
114 265 163 348 a]
298 277 411 328 rrrsr.
433 281 483 328 nn
504 279 673 330 Arrrcurr
692 283 715 330 r.
743 269 791 334 16.
968 283 1005 352 17

53 436 242 496 Hortensius
257 456 288 496 se
302 438 408 497 vidisse
422 448 552 511 tantum;
578 458 666 498 nemo
680 449 742 498 erat
758 441 807 516 qui
824 440 904 499 illum
924 461 1007 502 reum

50 555 88 594 ac
104 555 173 594 non
187 537 300 594 miliens
314 537 541 596 condemnatum
556 539 745 598 arbitraretur.
781 539 832 596 Me
847 558 915 598 vero
932 552 1005 601 teste

49 635 207 710 producto
226 636 315 694 credo
340 646 368 694 te
393 655 429 695 err
454 637 662 696 acclamatione
681 636 777 695 Clodii
796 637 1004 698 advocatorum

52 733 180 792 audisse
215 753 291 810 quae
326 736 522 794 consurrectio
557 736 685 794 iudicum
715 735 791 794 facta
826 737 870 806 sit,
899 747 930 796 ut
957 756 1005 796 me

52 832 307 903 circumsteterint,
332 842 364 891 ut
384 843 483 910 aperte
504 834 601 910 iugula
623 851 675 892 sua
695 851 749 912 pro
770 851 837 891 meo
858 835 952 909 capite
972 836 1007 898 P.

52 929 168 988 Clodio
188 931 373 990 ostentarint:
403 932 567 1008 quaemihi
587 951 632 990 res
657 932 748 990 multo
769 932 1005 994 honorificentior

51 1029 119 1087 visa
140 1038 185 1087 est
204 1048 293 1105 quam
310 1038 358 1087 aut
379 1030 435 1101 illa,
453 1049 522 1089 cum
542 1031 633 1088 iurare
651 1031 691 1088 tui
712 1031 788 1090 cives
808 1030 1004 1090 Xenocratem

51 1129 259 1187 testimonium
289 1129 434 1188 dicentem
465 1128 680 1205 prohibuerunt,
709 1138 758 1187 aut
790 1147 857 1187 cum
891 1130 1003 1188 tabulas

52 1226 172 1284 Metelli
193 1226 347 1297 Numidici,
368 1246 435 1285 curn
456 1246 516 1298 eae,
533 1236 565 1285 ut
585 1246 650 1286 mos
672 1237 723 1298 est,
744 1228 1002 1299 circumferrentur,

52 1323 152 1382 nostri
175 1325 286 1383 iudices
309 1325 438 1401 aspicere
460 1325 632 1398 noluerunt;
654 1325 745 1383 multo
769 1325 849 1396 haec,
873 1326 1002 1401 inquam,

52 1431 159 1479 nostra
173 1441 219 1480 res
234 1423 335 1480 maior.
379 1436 404 1495 5.
435 1422 537 1498 Itaque
558 1423 686 1481 iudicum
706 1422 834 1493 vocibus
856 1441 925 1480 cum
944 1442 1001 1500 ego

52 1520 96 1578 sic
112 1521 152 1577 ab
167 1520 210 1591 iis,
225 1531 256 1578 ut
271 1522 348 1578 salus
362 1521 479 1596 patriae,
495 1519 670 1592 defenderer,
685 1520 791 1579 fractus
806 1539 873 1579 reus
894 1531 922 1580 et
943 1540 1002 1581 una

52 1618 174 1693 patroni
197 1636 300 1678 omnes
324 1619 512 1678 conciderunt
523 1637 532 1691 ;
568 1618 604 1676 ad
627 1636 675 1676 me
695 1628 792 1677 autem
821 1619 925 1676 eadem
945 1619 1000 1678 fre-

53 1716 178 1791 quentia
196 1717 334 1792 postridie
351 1717 492 1788 convenit,
508 1734 633 1793 quacum
651 1717 750 1775 abiens
765 1718 917 1775 consulatu
936 1736 1001 1776 sum

53 1815 180 1872 domum
198 1814 340 1873 reductus
376 1813 508 1874 Clamare
529 1813 667 1891 praeclari
685 1813 872 1890 Ariopagitae
891 1833 1001 1874 senon

55 1930 123 1970 esse
137 1921 274 1970 venturos
294 1913 348 1971 nisi
366 1913 510 1988 praesidio
527 1913 692 1971 constituto.
729 1913 862 1972 Refertur
879 1914 917 1972 ad
931 1932 1000 1972 con-

56 2011 172 2068 silium:
205 2028 264 2067 una
288 2009 351 2068 sola
374 2011 515 2068 sententia
536 2011 711 2087 praesidium
735 2028 797 2068 non
821 2010 999 2070 desideravit.

56 2108 193 2168 Defertur
227 2127 272 2166 res
304 2108 341 2167 ad
375 2118 525 2166 senatum:
560 2109 727 2184 gravissime
761 2109 1000 2184 ornatissimeque

58 2207 237 2278 decernitur;
258 2207 411 2265 laudantur
425 2206 552 2278 iudices;
582 2206 665 2264 datur
683 2207 834 2280 negotium
848 2205 998 2280 magistra·

56 2307 151 2378 tibus;
173 2323 379 2380 responsurum
394 2305 544 2362 hominem
565 2321 652 2362 nemo
667 2303 862 2361 arbitrabatur.
904 2305 998 2360 ἔσπετε

56 2409 101 2460 νῦν
114 2427 167 2476 μοι,
182 2409 293 2473 Μοῦσαι,
307 2404 396 2462 ὅππως
410 2405 440 2474 δὴ
453 2409 554 2476 πρῶτον
566 2408 617 2476 πῦρ
631 2405 735 2474 ἔμπεσε.
768 2399 855 2458 Nosti
867 2398 988 2458 Calvum

57 2522 94 2562 ex
116 2501 296 2560 Nanneianis
317 2503 405 2572 illum,
426 2502 506 2559 illurn
527 2501 707 2560 laudatorem
729 2517 836 2571 meum,
858 2498 895 2557 de
916 2499 999 2558 cuius

57 2601 187 2660 oratione
202 2619 271 2676 erga
284 2619 331 2658 me
345 2599 506 2659 honorifica
523 2600 560 2659 ad
574 2609 602 2658 te
620 2598 806 2674 scripseram:
835 2597 924 2657 biduo
945 2615 999 2674 per

57 2713 148 2754 unurn
163 2713 285 2766 servum,
300 2704 328 2753 et
342 2712 410 2753 eum
423 2712 459 2752 ex
474 2693 644 2770 gladiatorio
658 2691 737 2763 lud0,
758 2691 883 2750 confecit
903 2700 997 2750 totum

59 2793 224 2869 negotium
257 2793 403 2852 arcessivit
425 2793 463 2850 ad
486 2811 524 2862 se,
549 2790 690 2867 promisit,
715 2789 882 2854 intercessit,
908 2786 996 2848 dedit.

60 2891 122 2949 Iam
134 2909 263 2949 vero-0
277 2892 306 2950 di
320 2891 391 2949 boni
404 2909 466 2948 rem
481 2890 622 2966 perditam
634 2889 769 2950 l-etiam
789 2897 891 2946 noctes
905 2895 996 2944 certa-

60 3009 121 3048 rum
147 2990 300 3048 mulierum
327 2999 414 3066 atque
438 2987 720 3046 adulescentulorum
744 2985 885 3044 nobilium
906 2985 995 3042 intro·

63 3089 207 3146 ductiones
235 3105 297 3146 non
331 3087 415 3145 nullis
442 3086 583 3145 iudicibus
612 3102 666 3161 pro
700 3083 842 3143 mercedis
877 3081 996 3141 cumulo

63 3183 178 3245 fuerunt.
234 3185 279 3243 Ita
312 3201 427 3244 summo
461 3183 590 3242 discessu
622 3183 775 3251 bonorum,
809 3179 896 3256 pleno
930 3178 996 3238 foro

64 3302 210 3355 servorum,
227 3302 294 3343 xxv.
309 3282 417 3341 iudices
432 3283 471 3341 ita
485 3281 573 3340 fortes
588 3290 686 3338 tamen
701 3278 822 3350 fuerunt,
833 3287 866 3335 ut
880 3294 996 3336 summo

63 3381 205 3458 proposito
221 3382 350 3458 periculo
377 3381 421 3438 vel
449 3379 541 3456 perire
569 3378 721 3437 maluerint
751 3395 840 3452 quam
874 3373 995 3451 perdere

64 3479 175 3538 omnia:
212 3498 289 3540 xxxr.
317 3478 440 3550 fuerunt,
465 3496 540 3554 quos
567 3477 659 3538 fames
686 3475 780 3552 magis
805 3490 893 3554 quam
915 3470 1021 3532 famu»

518 3594 535 3640 C
