<?xml version="1.0" encoding="UTF-8"?>
<!DOCTYPE html PUBLIC "-//W3C//DTD XHTML 1.0 Transitional//EN"
    "http://www.w3.org/TR/xhtml1/DTD/xhtml1-transitional.dtd">
<html xmlns="http://www.w3.org/1999/xhtml" xml:lang="en" lang="en">
 <head>
  <title>
</title>
<meta http-equiv="Content-Type" content="text/html;charset=utf-8" />
  <meta name='ocr-system' content='tesseract 3.04.00' />
  <meta name='ocr-capabilities' content='ocr_page ocr_carea ocr_par ocr_line ocrx_word'/>
</head>
<body>
  <div class='ocr_page' id='page_1' title='image "./epistolaeselect00watsgoog/epistolaeselect00watsgoog_0059.png"; bbox 0 0 2432 3844; ppageno 0'>
   <div class='ocr_carea' id='block_1_1' title="bbox 217 238 1166 331">
    <p class='ocr_par' dir='ltr' id='par_1_1' title="bbox 217 238 1166 331">
     <span class='ocr_line' id='line_1_1' title="bbox 217 238 1166 331; baseline 0.007 -30"><span class='ocrx_word' id='word_1_1' title='bbox 217 238 258 322; x_wconf 86' lang='lat'><strong>38</strong></span> <span class='ocrx_word' id='word_1_2' title='bbox 490 252 528 301; x_wconf 83' lang='lat' dir='ltr'><strong>M.</strong></span> <span class='ocrx_word' id='word_1_3' title='bbox 552 253 673 304; x_wconf 78' lang='lat' dir='ltr'><strong>ronan</strong></span> <span class='ocrx_word' id='word_1_4' title='bbox 694 255 881 304; x_wconf 80' lang='lat' dir='ltr'><strong>orornoms</strong></span> <span class='ocrx_word' id='word_1_5' title='bbox 1056 240 1131 331; x_wconf 61' lang='lat' dir='ltr'><strong>[rats</strong></span> <span class='ocrx_word' id='word_1_6' title='bbox 1145 262 1166 307; x_wconf 90' lang='lat'><strong>1.</strong></span> 
     </span>
    </p>
   </div>
   <div class='ocr_carea' id='block_1_2' title="bbox 215 411 1165 1375">
    <p class='ocr_par' dir='ltr' id='par_1_2' title="bbox 215 411 1165 1375">
     <span class='ocr_line' id='line_1_2' title="bbox 218 411 1165 492; baseline 0.007 -23"><span class='ocrx_word' id='word_1_7' title='bbox 218 412 354 470; x_wconf 89' lang='lat' dir='ltr'><strong>comitate</strong></span> <span class='ocrx_word' id='word_1_8' title='bbox 375 411 544 488; x_wconf 91' lang='lat' dir='ltr'><strong>complexus</strong></span> <span class='ocrx_word' id='word_1_9' title='bbox 564 430 638 486; x_wconf 89' lang='lat' dir='ltr'><strong>sum,</strong></span> <span class='ocrx_word' id='word_1_10' title='bbox 658 411 878 490; x_wconf 84' lang='lat' dir='ltr'><strong>Nymphontem</strong></span> <span class='ocrx_word' id='word_1_11' title='bbox 899 413 985 473; x_wconf 89' lang='lat' dir='ltr'><strong>etiam</strong></span> <span class='ocrx_word' id='word_1_12' title='bbox 1007 413 1165 492; x_wconf 79' lang='lat' dir='ltr'><strong>Colopho</strong></span> 
     </span>
     <span class='ocr_line' id='line_1_3' title="bbox 217 511 1164 588; baseline 0.004 -21"><span class='ocrx_word' id='word_1_13' title='bbox 217 511 314 570; x_wconf 90' lang='lat' dir='ltr'><strong>nium:</strong></span> <span class='ocrx_word' id='word_1_14' title='bbox 336 529 409 588; x_wconf 90' lang='lat' dir='ltr'><strong>quae</strong></span> <span class='ocrx_word' id='word_1_15' title='bbox 429 511 483 570; x_wconf 84' lang='lat' dir='ltr'><strong>ieci</strong></span> <span class='ocrx_word' id='word_1_16' title='bbox 500 513 607 582; x_wconf 91' lang='lat' dir='ltr'><strong>omnia,</strong></span> <span class='ocrx_word' id='word_1_17' title='bbox 623 530 683 571; x_wconf 94' lang='lat' dir='ltr'><strong>non</strong></span> <span class='ocrx_word' id='word_1_18' title='bbox 700 530 759 588; x_wconf 92' lang='lat' dir='ltr'><strong>quo</strong></span> <span class='ocrx_word' id='word_1_19' title='bbox 778 531 826 572; x_wconf 90' lang='lat' dir='ltr'><strong>me</strong></span> <span class='ocrx_word' id='word_1_20' title='bbox 846 523 896 571; x_wconf 90' lang='lat' dir='ltr'><strong>aut</strong></span> <span class='ocrx_word' id='word_1_21' title='bbox 912 513 941 571; x_wconf 94' lang='lat' dir='ltr'><strong>hi</strong></span> <span class='ocrx_word' id='word_1_22' title='bbox 958 513 1095 573; x_wconf 92' lang='lat' dir='ltr'><strong>homines</strong></span> <span class='ocrx_word' id='word_1_23' title='bbox 1112 524 1164 573; x_wconf 90' lang='lat' dir='ltr'><strong>aut</strong></span> 
     </span>
     <span class='ocr_line' id='line_1_4' title="bbox 217 609 1162 686; baseline 0.004 -19"><span class='ocrx_word' id='word_1_24' title='bbox 217 618 279 668; x_wconf 90' lang='lat' dir='ltr'><strong>tota</strong></span> <span class='ocrx_word' id='word_1_25' title='bbox 289 611 368 668; x_wconf 90' lang='lat' dir='ltr'><strong>natio</strong></span> <span class='ocrx_word' id='word_1_26' title='bbox 379 609 736 686; x_wconf 86' lang='lat' dir='ltr'><strong>delectaret-pertaesum</strong></span> <span class='ocrx_word' id='word_1_27' title='bbox 747 621 790 669; x_wconf 90' lang='lat' dir='ltr'><strong>est</strong></span> <span class='ocrx_word' id='word_1_28' title='bbox 799 611 928 683; x_wconf 75' lang='lat' dir='ltr'><strong>levitatis</strong></span> <span class='ocrx_word' id='word_1_29' title='bbox 940 611 1162 684; x_wconf 88' lang='lat' dir='ltr'><strong>adsentationis,</strong></span> 
     </span>
     <span class='ocr_line' id='line_1_5' title="bbox 217 708 1161 784; baseline 0.003 -19"><span class='ocrx_word' id='word_1_30' title='bbox 217 708 381 766; x_wconf 88' lang='lat' dir='ltr'><strong>animorum</strong></span> <span class='ocrx_word' id='word_1_31' title='bbox 400 726 461 766; x_wconf 93' lang='lat' dir='ltr'><strong>non</strong></span> <span class='ocrx_word' id='word_1_32' title='bbox 480 708 591 779; x_wconf 91' lang='lat' dir='ltr'><strong>officiis,</strong></span> <span class='ocrx_word' id='word_1_33' title='bbox 605 708 658 766; x_wconf 90' lang='lat' dir='ltr'><strong>sed</strong></span> <span class='ocrx_word' id='word_1_34' title='bbox 675 708 853 784; x_wconf 87' lang='lat' dir='ltr'>temporibus</span> <span class='ocrx_word' id='word_1_35' title='bbox 873 709 1110 781; x_wconf 90' lang='lat' dir='ltr'><strong>servientium—,</strong></span> <span class='ocrx_word' id='word_1_36' title='bbox 1132 728 1161 783; x_wconf 89' lang='lat'><strong>5.</strong></span> 
     </span>
     <span class='ocr_line' id='line_1_6' title="bbox 218 805 1161 877; baseline 0.001 -12"><span class='ocrx_word' id='word_1_37' title='bbox 218 806 277 877; x_wconf 89' lang='lat' dir='ltr'><strong>sed,</strong></span> <span class='ocrx_word' id='word_1_38' title='bbox 290 816 323 866; x_wconf 93' lang='lat' dir='ltr'><strong>ut</strong></span> <span class='ocrx_word' id='word_1_39' title='bbox 336 805 373 864; x_wconf 93' lang='lat' dir='ltr'><strong>ad</strong></span> <span class='ocrx_word' id='word_1_40' title='bbox 389 806 509 865; x_wconf 85' lang='lat' dir='ltr'>Zeuxim</span> <span class='ocrx_word' id='word_1_41' title='bbox 523 815 655 877; x_wconf 89' lang='lat' dir='ltr'><strong>revertar,</strong></span> <span class='ocrx_word' id='word_1_42' title='bbox 665 825 731 864; x_wconf 90' lang='lat' dir='ltr'><strong>curn</strong></span> <span class='ocrx_word' id='word_1_43' title='bbox 742 806 766 864; x_wconf 91' lang='lat' dir='ltr'><strong>is</strong></span> <span class='ocrx_word' id='word_1_44' title='bbox 778 806 814 865; x_wconf 89' lang='lat' dir='ltr'><strong>de</strong></span> <span class='ocrx_word' id='word_1_45' title='bbox 825 805 867 864; x_wconf 90' lang='lat' dir='ltr'><strong>M.</strong></span> <span class='ocrx_word' id='word_1_46' title='bbox 877 805 1010 867; x_wconf 86' lang='lat' dir='ltr'><strong>Cascellii</strong></span> <span class='ocrx_word' id='word_1_47' title='bbox 1021 825 1161 866; x_wconf 88' lang='lat' dir='ltr'>sermone</span> 
     </span>
     <span class='ocr_line' id='line_1_7' title="bbox 218 904 1161 982; baseline -0.001 -18"><span class='ocrx_word' id='word_1_48' title='bbox 218 924 318 964; x_wconf 90' lang='lat' dir='ltr'><strong>secum</strong></span> <span class='ocrx_word' id='word_1_49' title='bbox 337 904 445 976; x_wconf 90' lang='lat' dir='ltr'><strong>habito,</strong></span> <span class='ocrx_word' id='word_1_50' title='bbox 460 923 536 981; x_wconf 89' lang='lat' dir='ltr'><strong>quae</strong></span> <span class='ocrx_word' id='word_1_51' title='bbox 554 914 585 962; x_wconf 92' lang='lat' dir='ltr'><strong>tu</strong></span> <span class='ocrx_word' id='word_1_52' title='bbox 607 905 715 976; x_wconf 85' lang='lat' dir='ltr'><strong>scribis,</strong></span> <span class='ocrx_word' id='word_1_53' title='bbox 736 923 771 962; x_wconf 91' lang='lat' dir='ltr'><strong>ea</strong></span> <span class='ocrx_word' id='word_1_54' title='bbox 791 906 854 981; x_wconf 90' lang='lat' dir='ltr'><strong>ipsa</strong></span> <span class='ocrx_word' id='word_1_55' title='bbox 874 905 1046 982; x_wconf 90' lang='lat' dir='ltr'><strong>loqueretur,</strong></span> <span class='ocrx_word' id='word_1_56' title='bbox 1061 907 1161 965; x_wconf 89' lang='lat' dir='ltr'><strong>obstiti</strong></span> 
     </span>
     <span class='ocr_line' id='line_1_8' title="bbox 218 1002 1159 1081; baseline -0.002 -17"><span class='ocrx_word' id='word_1_57' title='bbox 218 1005 279 1064; x_wconf 90' lang='lat' dir='ltr'><strong>eius</strong></span> <span class='ocrx_word' id='word_1_58' title='bbox 295 1005 421 1063; x_wconf 89' lang='lat' dir='ltr'><strong>sermoni</strong></span> <span class='ocrx_word' id='word_1_59' title='bbox 439 1012 467 1061; x_wconf 89' lang='lat' dir='ltr'><strong>ct</strong></span> <span class='ocrx_word' id='word_1_60' title='bbox 485 1002 635 1062; x_wconf 88' lang='lat' dir='ltr'><strong>hominem</strong></span> <span class='ocrx_word' id='word_1_61' title='bbox 654 1003 685 1062; x_wconf 92' lang='lat' dir='ltr'><strong>in</strong></span> <span class='ocrx_word' id='word_1_62' title='bbox 704 1003 925 1062; x_wconf 83' lang='lat' dir='ltr'><strong>familiaritatem</strong></span> <span class='ocrx_word' id='word_1_63' title='bbox 943 1005 1048 1081; x_wconf 88' lang='lat' dir='ltr'><strong>recepi.</strong></span> <span class='ocrx_word' id='word_1_64' title='bbox 1090 1003 1159 1062; x_wconf 89' lang='lat' dir='ltr'><strong>Tua</strong></span> 
     </span>
     <span class='ocr_line' id='line_1_9' title="bbox 217 1101 1156 1180; baseline -0.002 -16"><span class='ocrx_word' id='word_1_65' title='bbox 217 1115 314 1164; x_wconf 90' lang='lat' dir='ltr'><strong>autern</strong></span> <span class='ocrx_word' id='word_1_66' title='bbox 338 1120 413 1178; x_wconf 89' lang='lat' dir='ltr'><strong>quae</strong></span> <span class='ocrx_word' id='word_1_67' title='bbox 436 1101 521 1161; x_wconf 84' lang='lat' dir='ltr'><strong>fuerit</strong></span> <span class='ocrx_word' id='word_1_68' title='bbox 546 1103 686 1178; x_wconf 86' lang='lat' dir='ltr'><strong>cupiditas</strong></span> <span class='ocrx_word' id='word_1_69' title='bbox 711 1112 799 1174; x_wconf 89' lang='lat' dir='ltr'><strong>tanta,</strong></span> <span class='ocrx_word' id='word_1_70' title='bbox 821 1105 929 1174; x_wconf 90' lang='lat' dir='ltr'><strong>nescio,</strong></span> <span class='ocrx_word' id='word_1_71' title='bbox 951 1103 1031 1180; x_wconf 92' lang='lat' dir='ltr'><strong>quod</strong></span> <span class='ocrx_word' id='word_1_72' title='bbox 1054 1105 1156 1163; x_wconf 91' lang='lat' dir='ltr'><strong>scribis</strong></span> 
     </span>
     <span class='ocr_line' id='line_1_10' title="bbox 216 1199 1155 1279; baseline -0.004 -16"><span class='ocrx_word' id='word_1_73' title='bbox 216 1203 331 1279; x_wconf 89' lang='lat' dir='ltr'><strong>cupisse</strong></span> <span class='ocrx_word' id='word_1_74' title='bbox 352 1212 388 1271; x_wconf 91' lang='lat' dir='ltr'><strong>te,</strong></span> <span class='ocrx_word' id='word_1_75' title='bbox 410 1200 549 1277; x_wconf 89' lang='lat' dir='ltr'><strong>quoniam</strong></span> <span class='ocrx_word' id='word_1_76' title='bbox 571 1199 711 1277; x_wconf 86' lang='lat' dir='ltr'><strong>Smyrnae</strong></span> <span class='ocrx_word' id='word_1_77' title='bbox 736 1201 809 1259; x_wconf 90' lang='lat' dir='ltr'><strong>duos</strong></span> <span class='ocrx_word' id='word_1_78' title='bbox 834 1200 937 1277; x_wconf 89' lang='lat' dir='ltr'><strong>Mysos</strong></span> <span class='ocrx_word' id='word_1_79' title='bbox 963 1201 1102 1261; x_wconf 89' lang='lat' dir='ltr'><strong>insuisses</strong></span> <span class='ocrx_word' id='word_1_80' title='bbox 1126 1203 1155 1259; x_wconf 89' lang='lat' dir='ltr'><strong>in</strong></span> 
     </span>
     <span class='ocr_line' id='line_1_11' title="bbox 215 1298 1153 1375; baseline -0.004 -15"><span class='ocrx_word' id='word_1_81' title='bbox 215 1301 337 1370; x_wconf 91' lang='lat' dir='ltr'><strong>culeum,</strong></span> <span class='ocrx_word' id='word_1_82' title='bbox 353 1298 445 1356; x_wconf 90' lang='lat' dir='ltr'><strong>simile</strong></span> <span class='ocrx_word' id='word_1_83' title='bbox 458 1298 488 1355; x_wconf 91' lang='lat' dir='ltr'><strong>in</strong></span> <span class='ocrx_word' id='word_1_84' title='bbox 503 1298 651 1374; x_wconf 86' lang='lat' dir='ltr'><strong>superiore</strong></span> <span class='ocrx_word' id='word_1_85' title='bbox 666 1308 747 1375; x_wconf 87' lang='lat' dir='ltr'><strong>parte</strong></span> <span class='ocrx_word' id='word_1_86' title='bbox 763 1299 929 1374; x_wconf 90' lang='lat' dir='ltr'><strong>provinciae</strong></span> <span class='ocrx_word' id='word_1_87' title='bbox 950 1300 1035 1358; x_wconf 88' lang='lat' dir='ltr'><strong>edere</strong></span> <span class='ocrx_word' id='word_1_88' title='bbox 1057 1318 1153 1358; x_wconf 86' lang='lat' dir='ltr'><strong>exem-</strong></span> 
     </span>
    </p>
   </div>
   <div class='ocr_carea' id='block_1_3' title="bbox 215 1396 1152 1567">
    <p class='ocr_par' dir='ltr' id='par_1_3' title="bbox 215 1396 1152 1567">
     <span class='ocr_line' id='line_1_12' title="bbox 215 1396 1152 1478; baseline -0.004 -20"><span class='ocrx_word' id='word_1_89' title='bbox 215 1401 296 1478; x_wconf 91' lang='lat' dir='ltr'><strong>plum</strong></span> <span class='ocrx_word' id='word_1_90' title='bbox 327 1398 481 1456; x_wconf 89' lang='lat' dir='ltr'><strong>severitatis</strong></span> <span class='ocrx_word' id='word_1_91' title='bbox 509 1406 576 1455; x_wconf 90' lang='lat' dir='ltr'><strong>tuae</strong></span> <span class='ocrx_word' id='word_1_92' title='bbox 603 1407 632 1456; x_wconf 91' lang='lat' dir='ltr'><strong>et</strong></span> <span class='ocrx_word' id='word_1_93' title='bbox 658 1397 767 1455; x_wconf 91' lang='lat' dir='ltr'><strong>idcirco</strong></span> <span class='ocrx_word' id='word_1_94' title='bbox 796 1396 917 1455; x_wconf 84' lang='lat' dir='ltr'><strong>Zeuxim</strong></span> <span class='ocrx_word' id='word_1_95' title='bbox 945 1397 1046 1456; x_wconf 90' lang='lat' dir='ltr'><strong>elicere</strong></span> <span class='ocrx_word' id='word_1_96' title='bbox 1073 1399 1152 1457; x_wconf 91' lang='lat' dir='ltr'><strong>omni</strong></span> 
     </span>
     <span class='ocr_line' id='line_1_13' title="bbox 215 1489 1151 1567; baseline -0.003 -13"><span class='ocrx_word' id='word_1_97' title='bbox 215 1494 326 1554; x_wconf 89' lang='lat' dir='ltr'><strong>ratione</strong></span> <span class='ocrx_word' id='word_1_98' title='bbox 351 1491 483 1562; x_wconf 87' lang='lat' dir='ltr'><strong>voluisse,</strong></span> <span class='ocrx_word' id='word_1_99' title='bbox 507 1509 594 1567; x_wconf 92' lang='lat' dir='ltr'><strong>quem</strong></span> <span class='ocrx_word' id='word_1_100' title='bbox 622 1489 779 1550; x_wconf 86' lang='lat' dir='ltr'><strong>adductum</strong></span> <span class='ocrx_word' id='word_1_101' title='bbox 806 1492 837 1548; x_wconf 93' lang='lat' dir='ltr'><strong>in</strong></span> <span class='ocrx_word' id='word_1_102' title='bbox 864 1491 1002 1550; x_wconf 88' lang='lat' dir='ltr'><strong>iudicium</strong></span> <span class='ocrx_word' id='word_1_103' title='bbox 1030 1492 1151 1552; x_wconf 89' lang='lat' dir='ltr'><strong>fortasse</strong></span> 
     </span>
    </p>
   </div>
   <div class='ocr_carea' id='block_1_4' title="bbox 191 1588 1150 3537">
    <p class='ocr_par' dir='ltr' id='par_1_4' title="bbox 191 1588 1150 3537">
     <span class='ocr_line' id='line_1_14' title="bbox 216 1588 1150 1666; baseline -0.004 -15"><span class='ocrx_word' id='word_1_104' title='bbox 216 1591 319 1651; x_wconf 91' lang='lat' dir='ltr'><strong>dimitti</strong></span> <span class='ocrx_word' id='word_1_105' title='bbox 334 1607 396 1648; x_wconf 90' lang='lat' dir='ltr'><strong>non</strong></span> <span class='ocrx_word' id='word_1_106' title='bbox 410 1599 584 1666; x_wconf 86' lang='lat' dir='ltr'><strong>oportuerat,</strong></span> <span class='ocrx_word' id='word_1_107' title='bbox 599 1588 730 1665; x_wconf 88' lang='lat' dir='ltr'><strong>conquiri</strong></span> <span class='ocrx_word' id='word_1_108' title='bbox 744 1606 811 1646; x_wconf 91' lang='lat' dir='ltr'><strong>vero</strong></span> <span class='ocrx_word' id='word_1_109' title='bbox 826 1599 855 1647; x_wconf 88' lang='lat' dir='ltr'><strong>et</strong></span> <span class='ocrx_word' id='word_1_110' title='bbox 874 1589 936 1647; x_wconf 89' lang='lat' dir='ltr'><strong>elici</strong></span> <span class='ocrx_word' id='word_1_111' title='bbox 955 1589 1108 1661; x_wconf 88' lang='lat' dir='ltr'><strong>blanditiis,</strong></span> <span class='ocrx_word' id='word_1_112' title='bbox 1121 1599 1150 1648; x_wconf 92' lang='lat' dir='ltr'><strong>ut</strong></span> 
     </span>
     <span class='ocr_line' id='line_1_15' title="bbox 215 1673 1150 1764; baseline -0.004 -14"><span class='ocrx_word' id='word_1_113' title='bbox 215 1703 246 1750; x_wconf 92' lang='lat' dir='ltr'><strong>tu</strong></span> <span class='ocrx_word' id='word_1_114' title='bbox 266 1690 374 1760; x_wconf 90' lang='lat' dir='ltr'><strong>scribis,</strong></span> <span class='ocrx_word' id='word_1_115' title='bbox 390 1688 427 1748; x_wconf 90' lang='lat' dir='ltr'><strong>ad</strong></span> <span class='ocrx_word' id='word_1_116' title='bbox 449 1673 586 1747; x_wconf 90' lang='lat' dir='ltr'><strong>iudicium</strong></span> <span class='ocrx_word' id='word_1_117' title='bbox 607 1705 727 1746; x_wconf 90' lang='lat' dir='ltr'><strong>necesse</strong></span> <span class='ocrx_word' id='word_1_118' title='bbox 745 1705 806 1746; x_wconf 91' lang='lat' dir='ltr'><strong>non</strong></span> <span class='ocrx_word' id='word_1_119' title='bbox 822 1687 885 1759; x_wconf 85' lang='lat' dir='ltr'><strong>fuit,</strong></span> <span class='ocrx_word' id='word_1_120' title='bbox 900 1706 966 1746; x_wconf 92' lang='lat' dir='ltr'><strong>eum</strong></span> <span class='ocrx_word' id='word_1_121' title='bbox 985 1689 1150 1764; x_wconf 90' lang='lat' dir='ltr'><strong>praesertim</strong></span> 
     </span>
     <span class='ocr_line' id='line_1_16' title="bbox 215 1785 1149 1864; baseline -0.005 -15"><span class='ocrx_word' id='word_1_122' title='bbox 215 1789 372 1858; x_wconf 88' lang='lat' dir='ltr'><strong>hominem,</strong></span> <span class='ocrx_word' id='word_1_123' title='bbox 387 1805 475 1864; x_wconf 91' lang='lat' dir='ltr'><strong>quem</strong></span> <span class='ocrx_word' id='word_1_124' title='bbox 494 1804 550 1862; x_wconf 91' lang='lat' dir='ltr'><strong>ego</strong></span> <span class='ocrx_word' id='word_1_125' title='bbox 570 1795 650 1844; x_wconf 82' lang='lat' dir='ltr'><strong>etex</strong></span> <span class='ocrx_word' id='word_1_126' title='bbox 670 1786 729 1844; x_wconf 92' lang='lat' dir='ltr'><strong>suis</strong></span> <span class='ocrx_word' id='word_1_127' title='bbox 748 1785 857 1845; x_wconf 85' lang='lat' dir='ltr'><strong>civibus</strong></span> <span class='ocrx_word' id='word_1_128' title='bbox 877 1795 905 1844; x_wconf 91' lang='lat' dir='ltr'><strong>et</strong></span> <span class='ocrx_word' id='word_1_129' title='bbox 924 1804 959 1845; x_wconf 84' lang='lat' dir='ltr'><strong>err</strong></span> <span class='ocrx_word' id='word_1_130' title='bbox 978 1787 1075 1846; x_wconf 90' lang='lat' dir='ltr'><strong>multis</strong></span> <span class='ocrx_word' id='word_1_131' title='bbox 1092 1788 1149 1846; x_wconf 87' lang='lat' dir='ltr'><strong>aliis</strong></span> 
     </span>
     <span class='ocr_line' id='line_1_17' title="bbox 214 1884 1149 1967; baseline -0.003 -20"><span class='ocrx_word' id='word_1_132' title='bbox 214 1887 345 1967; x_wconf 89' lang='lat' dir='ltr'><strong>quotidie</strong></span> <span class='ocrx_word' id='word_1_133' title='bbox 367 1886 460 1962; x_wconf 89' lang='lat' dir='ltr'><strong>magis</strong></span> <span class='ocrx_word' id='word_1_134' title='bbox 483 1901 633 1960; x_wconf 86' lang='lat' dir='ltr'><strong>cognosco</strong></span> <span class='ocrx_word' id='word_1_135' title='bbox 657 1884 828 1942; x_wconf 90' lang='lat' dir='ltr'><strong>nobiliorem</strong></span> <span class='ocrx_word' id='word_1_136' title='bbox 852 1903 917 1944; x_wconf 91' lang='lat' dir='ltr'><strong>esse</strong></span> <span class='ocrx_word' id='word_1_137' title='bbox 944 1903 1036 1961; x_wconf 93' lang='lat' dir='ltr'><strong>prope</strong></span> <span class='ocrx_word' id='word_1_138' title='bbox 1065 1905 1149 1963; x_wconf 88' lang='lat' dir='ltr'><strong>quam</strong></span> 
     </span>
     <span class='ocr_line' id='line_1_18' title="bbox 202 1981 1148 2064; baseline -0.003 -17"><span class='ocrx_word' id='word_1_139' title='bbox 202 1987 357 2056; x_wconf 71' lang='lat' dir='ltr'><strong>,civitatem</strong></span> <span class='ocrx_word' id='word_1_140' title='bbox 382 2001 473 2043; x_wconf 87' lang='lat' dir='ltr'><strong>suam.</strong></span> <span class='ocrx_word' id='word_1_141' title='bbox 522 1986 549 2041; x_wconf 88' lang='grc'><strong>6.</strong></span> <span class='ocrx_word' id='word_1_142' title='bbox 573 1983 628 2041; x_wconf 88' lang='lat' dir='ltr'><strong>‘At</strong></span> <span class='ocrx_word' id='word_1_143' title='bbox 651 1982 729 2040; x_wconf 92' lang='lat' dir='ltr'><strong>enirn</strong></span> <span class='ocrx_word' id='word_1_144' title='bbox 754 1981 874 2064; x_wconf 88' lang='lat' dir='ltr'><strong>Graecis</strong></span> <span class='ocrx_word' id='word_1_145' title='bbox 899 1983 968 2043; x_wconf 91' lang='lat' dir='ltr'><strong>solis</strong></span> <span class='ocrx_word' id='word_1_146' title='bbox 997 1983 1148 2060; x_wconf 65' lang='lat' dir='ltr'><strong>indulgeo!</strong></span> 
     </span>
     <span class='ocr_line' id='line_1_19' title="bbox 216 2081 1149 2160; baseline -0.004 -15"><span class='ocrx_word' id='word_1_147' title='bbox 216 2085 315 2159; x_wconf 89' lang='lat' dir='ltr'><strong>Quid?</strong></span> <span class='ocrx_word' id='word_1_148' title='bbox 336 2083 369 2142; x_wconf 94' lang='lat' dir='ltr'><strong>L.</strong></span> <span class='ocrx_word' id='word_1_149' title='bbox 391 2081 550 2142; x_wconf 90' lang='lat' dir='ltr'><strong>Caecilium</strong></span> <span class='ocrx_word' id='word_1_150' title='bbox 569 2099 668 2140; x_wconf 92' lang='lat' dir='ltr'><strong>nonne</strong></span> <span class='ocrx_word' id='word_1_151' title='bbox 685 2083 765 2140; x_wconf 90' lang='lat' dir='ltr'><strong>omni</strong></span> <span class='ocrx_word' id='word_1_152' title='bbox 784 2083 895 2141; x_wconf 90' lang='lat' dir='ltr'><strong>ratione</strong></span> <span class='ocrx_word' id='word_1_153' title='bbox 913 2083 1043 2158; x_wconf 88' lang='lat' dir='ltr'><strong>placavi?</strong></span> <span class='ocrx_word' id='word_1_154' title='bbox 1064 2102 1149 2160; x_wconf 92' lang='lat' dir='ltr'><strong>quem</strong></span> 
     </span>
     <span class='ocr_line' id='line_1_20' title="bbox 213 2179 1149 2258; baseline -0.004 -14"><span class='ocrx_word' id='word_1_155' title='bbox 213 2185 380 2245; x_wconf 91' lang='lat' dir='ltr'><strong>homineml</strong></span> <span class='ocrx_word' id='word_1_156' title='bbox 403 2199 461 2258; x_wconf 92' lang='lat' dir='ltr'><strong>qua</strong></span> <span class='ocrx_word' id='word_1_157' title='bbox 482 2182 539 2239; x_wconf 91' lang='lat' dir='ltr'><strong>iral</strong></span> <span class='ocrx_word' id='word_1_158' title='bbox 562 2198 622 2256; x_wconf 93' lang='lat' dir='ltr'><strong>quo</strong></span> <span class='ocrx_word' id='word_1_159' title='bbox 643 2180 760 2256; x_wconf 88' lang='lat' dir='ltr'><strong>spiritui</strong></span> <span class='ocrx_word' id='word_1_160' title='bbox 786 2198 874 2256; x_wconf 89' lang='lat' dir='ltr'><strong>quern</strong></span> <span class='ocrx_word' id='word_1_161' title='bbox 895 2179 1020 2258; x_wconf 91' lang='lat' dir='ltr'><strong>denique</strong></span> <span class='ocrx_word' id='word_1_162' title='bbox 1040 2191 1149 2257; x_wconf 85' lang='lat' dir='ltr'><strong>praeter</strong></span> 
     </span>
     <span class='ocr_line' id='line_1_21' title="bbox 214 2279 1148 2356; baseline -0.005 -13"><span class='ocrx_word' id='word_1_163' title='bbox 214 2283 402 2353; x_wconf 90' lang='lat' dir='ltr'><strong>Tuscenium,</strong></span> <span class='ocrx_word' id='word_1_164' title='bbox 417 2280 497 2338; x_wconf 93' lang='lat' dir='ltr'><strong>cuius</strong></span> <span class='ocrx_word' id='word_1_165' title='bbox 517 2297 604 2338; x_wconf 86' lang='lat' dir='ltr'><strong>causa</strong></span> <span class='ocrx_word' id='word_1_166' title='bbox 621 2279 716 2337; x_wconf 89' lang='lat' dir='ltr'><strong>sanari</strong></span> <span class='ocrx_word' id='word_1_167' title='bbox 733 2295 794 2336; x_wconf 92' lang='lat' dir='ltr'><strong>non</strong></span> <span class='ocrx_word' id='word_1_168' title='bbox 810 2286 914 2354; x_wconf 90' lang='lat' dir='ltr'><strong>potest,</strong></span> <span class='ocrx_word' id='word_1_169' title='bbox 930 2296 991 2336; x_wconf 93' lang='lat' dir='ltr'><strong>non</strong></span> <span class='ocrx_word' id='word_1_170' title='bbox 1005 2280 1148 2356; x_wconf 78' lang='lat' dir='ltr'><strong>mitigavi?</strong></span> 
     </span>
     <span class='ocr_line' id='line_1_22' title="bbox 213 2377 1148 2458; baseline -0.004 -16"><span class='ocrx_word' id='word_1_171' title='bbox 213 2382 292 2442; x_wconf 90' lang='lat' dir='ltr'><strong>Ecce</strong></span> <span class='ocrx_word' id='word_1_172' title='bbox 317 2399 404 2458; x_wconf 90' lang='lat' dir='ltr'><strong>supra</strong></span> <span class='ocrx_word' id='word_1_173' title='bbox 433 2387 520 2456; x_wconf 89' lang='lat' dir='ltr'><strong>caput</strong></span> <span class='ocrx_word' id='word_1_174' title='bbox 543 2379 634 2437; x_wconf 92' lang='lat' dir='ltr'><strong>homo</strong></span> <span class='ocrx_word' id='word_1_175' title='bbox 662 2377 731 2436; x_wconf 92' lang='lat' dir='ltr'><strong>levis</strong></span> <span class='ocrx_word' id='word_1_176' title='bbox 754 2395 789 2436; x_wconf 89' lang='lat' dir='ltr'><strong>ac</strong></span> <span class='ocrx_word' id='word_1_177' title='bbox 814 2377 955 2449; x_wconf 89' lang='lat' dir='ltr'><strong>sordidus,</strong></span> <span class='ocrx_word' id='word_1_178' title='bbox 977 2379 1030 2437; x_wconf 92' lang='lat' dir='ltr'><strong>sed</strong></span> <span class='ocrx_word' id='word_1_179' title='bbox 1054 2389 1148 2438; x_wconf 91' lang='lat' dir='ltr'><strong>tamen</strong></span> 
     </span>
     <span class='ocr_line' id='line_1_23' title="bbox 214 2475 1147 2556; baseline -0.001 -19"><span class='ocrx_word' id='word_1_180' title='bbox 214 2481 339 2556; x_wconf 90' lang='lat' dir='ltr'><strong>equestri</strong></span> <span class='ocrx_word' id='word_1_181' title='bbox 360 2496 458 2548; x_wconf 90' lang='lat' dir='ltr'><strong>censu,</strong></span> <span class='ocrx_word' id='word_1_182' title='bbox 481 2476 635 2536; x_wconf 90' lang='lat' dir='ltr'><strong>Catienus:</strong></span> <span class='ocrx_word' id='word_1_183' title='bbox 657 2476 745 2533; x_wconf 86' lang='lat' dir='ltr'><strong>etiarn</strong></span> <span class='ocrx_word' id='word_1_184' title='bbox 765 2475 789 2534; x_wconf 92' lang='lat' dir='ltr'><strong>is</strong></span> <span class='ocrx_word' id='word_1_185' title='bbox 810 2475 930 2533; x_wconf 90' lang='lat' dir='ltr'><strong>lenietur</strong></span> <span class='ocrx_word' id='word_1_186' title='bbox 937 2497 945 2548; x_wconf 78' lang='lat'><em>3</em></span> <span class='ocrx_word' id='word_1_187' title='bbox 967 2478 1048 2536; x_wconf 90' lang='lat' dir='ltr'><strong>cuius</strong></span> <span class='ocrx_word' id='word_1_188' title='bbox 1069 2487 1100 2536; x_wconf 91' lang='lat' dir='ltr'><strong>tu</strong></span> <span class='ocrx_word' id='word_1_189' title='bbox 1120 2479 1147 2536; x_wconf 95' lang='lat' dir='ltr'><strong>in</strong></span> 
     </span>
     <span class='ocr_line' id='line_1_24' title="bbox 213 2574 1148 2654; baseline -0.001 -18"><span class='ocrx_word' id='word_1_190' title='bbox 213 2589 325 2654; x_wconf 89' lang='lat' dir='ltr'><strong>patrem</strong></span> <span class='ocrx_word' id='word_1_191' title='bbox 339 2577 421 2653; x_wconf 91' lang='lat' dir='ltr'><strong>quod</strong></span> <span class='ocrx_word' id='word_1_192' title='bbox 435 2575 511 2634; x_wconf 86' lang='lat' dir='ltr'><strong>luisti</strong></span> <span class='ocrx_word' id='word_1_193' title='bbox 525 2575 661 2650; x_wconf 88' lang='lat' dir='ltr'><strong>asperior,</strong></span> <span class='ocrx_word' id='word_1_194' title='bbox 676 2591 737 2632; x_wconf 94' lang='lat' dir='ltr'><strong>non</strong></span> <span class='ocrx_word' id='word_1_195' title='bbox 755 2574 953 2650; x_wconf 87' lang='lat' dir='ltr'><strong>reprehendo;</strong></span> <span class='ocrx_word' id='word_1_196' title='bbox 975 2585 1054 2634; x_wconf 89' lang='lat' dir='ltr'><strong>certo</strong></span> <span class='ocrx_word' id='word_1_197' title='bbox 1074 2578 1148 2635; x_wconf 91' lang='lat' dir='ltr'><strong>enim</strong></span> 
     </span>
     <span class='ocr_line' id='line_1_25' title="bbox 214 2671 1148 2756; baseline 0 -22"><span class='ocrx_word' id='word_1_198' title='bbox 214 2676 276 2756; x_wconf 88' lang='lat' dir='ltr'><strong>scio</strong></span> <span class='ocrx_word' id='word_1_199' title='bbox 291 2683 319 2733; x_wconf 90' lang='lat' dir='ltr'><strong>te</strong></span> <span class='ocrx_word' id='word_1_200' title='bbox 333 2675 435 2732; x_wconf 89' lang='lat' dir='ltr'><strong>fecisse</strong></span> <span class='ocrx_word' id='word_1_201' title='bbox 450 2691 516 2732; x_wconf 91' lang='lat' dir='ltr'><strong>cum</strong></span> <span class='ocrx_word' id='word_1_202' title='bbox 536 2690 639 2744; x_wconf 89' lang='lat' dir='ltr'><strong>causa;</strong></span> <span class='ocrx_word' id='word_1_203' title='bbox 662 2673 715 2730; x_wconf 91' lang='lat' dir='ltr'><strong>sed</strong></span> <span class='ocrx_word' id='word_1_204' title='bbox 733 2671 804 2748; x_wconf 90' lang='lat' dir='ltr'><strong>quid</strong></span> <span class='ocrx_word' id='word_1_205' title='bbox 823 2691 898 2748; x_wconf 91' lang='lat' dir='ltr'><strong>opus</strong></span> <span class='ocrx_word' id='word_1_206' title='bbox 916 2671 969 2731; x_wconf 83' lang='lat' dir='ltr'><strong>luit</strong></span> <span class='ocrx_word' id='word_1_207' title='bbox 988 2674 1051 2733; x_wconf 91' lang='lat' dir='ltr'><strong>eius</strong></span> <span class='ocrx_word' id='word_1_208' title='bbox 1070 2676 1148 2734; x_wconf 93' lang='lat' dir='ltr'><strong>modi</strong></span> 
     </span>
     <span class='ocr_line' id='line_1_26' title="bbox 210 2761 1147 2849; baseline 0 -17"><span class='ocrx_word' id='word_1_209' title='bbox 210 2773 317 2844; x_wconf 90' lang='lat' dir='ltr'><strong>litteris,</strong></span> <span class='ocrx_word' id='word_1_210' title='bbox 332 2790 405 2849; x_wconf 90' lang='lat' dir='ltr'><strong>quas</strong></span> <span class='ocrx_word' id='word_1_211' title='bbox 420 2772 457 2830; x_wconf 90' lang='lat' dir='ltr'><strong>ad</strong></span> <span class='ocrx_word' id='word_1_212' title='bbox 471 2772 567 2848; x_wconf 91' lang='lat' dir='ltr'><strong>ipsum</strong></span> <span class='ocrx_word' id='word_1_213' title='bbox 581 2770 702 2830; x_wconf 92' lang='lat' dir='ltr'><strong>misisti?</strong></span> <span class='ocrx_word' id='word_1_214' title='bbox 741 2761 842 2828; x_wconf 84' lang='lat' dir='ltr'><strong>‘illum</strong></span> <span class='ocrx_word' id='word_1_215' title='bbox 857 2789 972 2830; x_wconf 90' lang='lat' dir='ltr'><strong>crucem</strong></span> <span class='ocrx_word' id='word_1_216' title='bbox 987 2773 1042 2831; x_wconf 91' lang='lat' dir='ltr'><strong>sibi</strong></span> <span class='ocrx_word' id='word_1_217' title='bbox 1055 2773 1147 2848; x_wconf 92' lang='lat' dir='ltr'><strong>ipsum</strong></span> 
     </span>
     <span class='ocr_line' id='line_1_27' title="bbox 211 2867 1147 2947; baseline -0.002 -17"><span class='ocrx_word' id='word_1_218' title='bbox 211 2872 395 2942; x_wconf 90' lang='lat' dir='ltr'><strong>constituere,</strong></span> <span class='ocrx_word' id='word_1_219' title='bbox 407 2889 443 2929; x_wconf 87' lang='lat' dir='ltr'><strong>err</strong></span> <span class='ocrx_word' id='word_1_220' title='bbox 455 2879 555 2947; x_wconf 90' lang='lat' dir='ltr'><strong>quatu</strong></span> <span class='ocrx_word' id='word_1_221' title='bbox 566 2887 633 2928; x_wconf 91' lang='lat' dir='ltr'><strong>eum</strong></span> <span class='ocrx_word' id='word_1_222' title='bbox 648 2880 715 2927; x_wconf 89' lang='lat' dir='ltr'><strong>ante</strong></span> <span class='ocrx_word' id='word_1_223' title='bbox 729 2867 918 2942; x_wconf 87' lang='lat' dir='ltr'><strong>detraxisses;</strong></span> <span class='ocrx_word' id='word_1_224' title='bbox 934 2879 962 2928; x_wconf 89' lang='lat' dir='ltr'><strong>te</strong></span> <span class='ocrx_word' id='word_1_225' title='bbox 977 2879 1147 2941; x_wconf 88' lang='lat' dir='ltr'><strong>curaturum,</strong></span> 
     </span>
     <span class='ocr_line' id='line_1_28' title="bbox 211 2967 1148 3044; baseline -0.001 -15"><span class='ocrx_word' id='word_1_226' title='bbox 211 2972 293 3030; x_wconf 88' lang='lat' dir='ltr'><strong>furno</strong></span> <span class='ocrx_word' id='word_1_227' title='bbox 314 2980 346 3028; x_wconf 94' lang='lat' dir='ltr'><strong>ut</strong></span> <span class='ocrx_word' id='word_1_228' title='bbox 367 2969 591 3040; x_wconf 89' lang='lat' dir='ltr'><strong>combureretur,</strong></span> <span class='ocrx_word' id='word_1_229' title='bbox 606 2967 760 3044; x_wconf 90' lang='lat' dir='ltr'><strong>plaudente</strong></span> <span class='ocrx_word' id='word_1_230' title='bbox 782 2976 843 3027; x_wconf 90' lang='lat' dir='ltr'><strong>tota</strong></span> <span class='ocrx_word' id='word_1_231' title='bbox 863 2969 1028 3044; x_wconf 71' lang='lat' dir='ltr'><strong>provincia!</strong></span> <span class='ocrx_word' id='word_1_232' title='bbox 1071 2968 1148 3041; x_wconf 91' lang='lat' dir='ltr'><strong>Quid</strong></span> 
     </span>
     <span class='ocr_line' id='line_1_29' title="bbox 211 3065 1146 3144; baseline 0.002 -19"><span class='ocrx_word' id='word_1_233' title='bbox 211 3086 279 3127; x_wconf 93' lang='lat' dir='ltr'><strong>vero</strong></span> <span class='ocrx_word' id='word_1_234' title='bbox 308 3068 346 3127; x_wconf 91' lang='lat' dir='ltr'><strong>ad</strong></span> <span class='ocrx_word' id='word_1_235' title='bbox 374 3066 407 3126; x_wconf 92' lang='lat' dir='ltr'><strong>C.</strong></span> <span class='ocrx_word' id='word_1_236' title='bbox 430 3065 552 3125; x_wconf 90' lang='lat' dir='ltr'><strong>Fabium</strong></span> <span class='ocrx_word' id='word_1_237' title='bbox 580 3067 679 3126; x_wconf 91' lang='lat' dir='ltr'><strong>nescio</strong></span> <span class='ocrx_word' id='word_1_238' title='bbox 704 3067 921 3143; x_wconf 89' lang='lat' dir='ltr'><strong>quem?-nam</strong></span> <span class='ocrx_word' id='word_1_239' title='bbox 945 3084 1010 3125; x_wconf 90' lang='lat' dir='ltr'><strong>eam</strong></span> <span class='ocrx_word' id='word_1_240' title='bbox 1034 3085 1146 3144; x_wconf 92' lang='lat' dir='ltr'><strong>quoque</strong></span> 
     </span>
     <span class='ocr_line' id='line_1_30' title="bbox 212 3164 1145 3242; baseline 0 -18"><span class='ocrx_word' id='word_1_241' title='bbox 212 3166 363 3242; x_wconf 90' lang='lat' dir='ltr'><strong>epistolam</strong></span> <span class='ocrx_word' id='word_1_242' title='bbox 383 3166 419 3225; x_wconf 92' lang='lat' dir='ltr'><strong>T.</strong></span> <span class='ocrx_word' id='word_1_243' title='bbox 437 3164 575 3224; x_wconf 88' lang='lat' dir='ltr'><strong>Catienus</strong></span> <span class='ocrx_word' id='word_1_244' title='bbox 594 3165 847 3241; x_wconf 87' lang='lat' dir='ltr'><strong>circumgestat-‘</strong></span> <span class='ocrx_word' id='word_1_245' title='bbox 856 3166 1011 3224; x_wconf 90' lang='lat' dir='ltr'><strong>renuntiari</strong></span> <span class='ocrx_word' id='word_1_246' title='bbox 1028 3167 1080 3224; x_wconf 91' lang='lat' dir='ltr'><strong>tibi</strong></span> <span class='ocrx_word' id='word_1_247' title='bbox 1101 3167 1145 3224; x_wconf 93' lang='lat' dir='ltr'><strong>Li-</strong></span> 
     </span>
     <span class='ocr_line' id='line_1_31' title="bbox 212 3263 1145 3340; baseline -0.001 -17"><span class='ocrx_word' id='word_1_248' title='bbox 212 3264 319 3324; x_wconf 90' lang='lat' dir='ltr'><strong>cinium</strong></span> <span class='ocrx_word' id='word_1_249' title='bbox 333 3264 504 3340; x_wconf 86' lang='lat' dir='ltr'><strong>plagiarium</strong></span> <span class='ocrx_word' id='word_1_250' title='bbox 519 3282 586 3323; x_wconf 91' lang='lat' dir='ltr'><strong>cum</strong></span> <span class='ocrx_word' id='word_1_251' title='bbox 601 3282 654 3323; x_wconf 88' lang='lat' dir='ltr'><strong>suo</strong></span> <span class='ocrx_word' id='word_1_252' title='bbox 669 3263 748 3340; x_wconf 89' lang='lat' dir='ltr'><strong>pullo</strong></span> <span class='ocrx_word' id='word_1_253' title='bbox 762 3263 882 3321; x_wconf 91' lang='lat' dir='ltr'><strong>miluino</strong></span> <span class='ocrx_word' id='word_1_254' title='bbox 896 3264 1002 3322; x_wconf 87' lang='lat' dir='ltr'><strong>tributa</strong></span> <span class='ocrx_word' id='word_1_255' title='bbox 1016 3264 1145 3340; x_wconf 71' lang='lat' dir='ltr'><strong>exigere!</strong></span> 
     </span>
     <span class='ocr_line' id='line_1_32' title="bbox 191 3357 1145 3438; baseline -0.001 -16"><span class='ocrx_word' id='word_1_256' title='bbox 191 3357 327 3422; x_wconf 67' lang='lat' dir='ltr'><strong>&#39;Deinde</strong></span> <span class='ocrx_word' id='word_1_257' title='bbox 361 3380 447 3438; x_wconf 84' lang='lat' dir='ltr'><strong>rogas</strong></span> <span class='ocrx_word' id='word_1_258' title='bbox 479 3362 611 3432; x_wconf 91' lang='lat' dir='ltr'><strong>Fabium,</strong></span> <span class='ocrx_word' id='word_1_259' title='bbox 640 3371 671 3419; x_wconf 92' lang='lat' dir='ltr'><strong>ut</strong></span> <span class='ocrx_word' id='word_1_260' title='bbox 699 3369 727 3419; x_wconf 92' lang='lat' dir='ltr'><strong>et</strong></span> <span class='ocrx_word' id='word_1_261' title='bbox 754 3369 866 3436; x_wconf 88' lang='lat' dir='ltr'><strong>patrem</strong></span> <span class='ocrx_word' id='word_1_262' title='bbox 893 3371 922 3420; x_wconf 94' lang='lat' dir='ltr'><strong>et</strong></span> <span class='ocrx_word' id='word_1_263' title='bbox 950 3361 1040 3419; x_wconf 89' lang='lat' dir='ltr'><strong>filiurn</strong></span> <span class='ocrx_word' id='word_1_264' title='bbox 1069 3363 1145 3422; x_wconf 92' lang='lat' dir='ltr'><strong>vivos</strong></span> 
     </span>
     <span class='ocr_line' id='line_1_33' title="bbox 212 3458 1145 3537; baseline 0 -17"><span class='ocrx_word' id='word_1_265' title='bbox 212 3462 370 3532; x_wconf 87' lang='lat' dir='ltr'><strong>comburat,</strong></span> <span class='ocrx_word' id='word_1_266' title='bbox 393 3460 416 3519; x_wconf 93' lang='lat' dir='ltr'><strong>si</strong></span> <span class='ocrx_word' id='word_1_267' title='bbox 437 3459 547 3537; x_wconf 90' lang='lat' dir='ltr'><strong>possit;</strong></span> <span class='ocrx_word' id='word_1_268' title='bbox 573 3458 597 3517; x_wconf 90' lang='lat' dir='ltr'><strong>si</strong></span> <span class='ocrx_word' id='word_1_269' title='bbox 619 3458 724 3529; x_wconf 90' lang='lat' dir='ltr'><strong>minus,</strong></span> <span class='ocrx_word' id='word_1_270' title='bbox 747 3459 785 3518; x_wconf 89' lang='lat' dir='ltr'><strong>ad</strong></span> <span class='ocrx_word' id='word_1_271' title='bbox 807 3467 835 3518; x_wconf 89' lang='lat' dir='ltr'><strong>te</strong></span> <span class='ocrx_word' id='word_1_272' title='bbox 856 3459 959 3531; x_wconf 89' lang='lat' dir='ltr'><strong>mittat,</strong></span> <span class='ocrx_word' id='word_1_273' title='bbox 979 3460 1020 3520; x_wconf 89' lang='lat' dir='ltr'><strong>uti</strong></span> <span class='ocrx_word' id='word_1_274' title='bbox 1042 3459 1145 3520; x_wconf 89' lang='lat' dir='ltr'><strong>iudicio</strong></span> 
     </span>
    </p>
   </div>
   <div class='ocr_carea' id='block_1_5' title="bbox 0 0 1220 3844">
    <p class='ocr_par' dir='ltr' id='par_1_5' title="bbox 0 0 1220 3844">
     <span class='ocr_line' id='line_1_34' title="bbox 0 0 1220 3844; baseline 0 2"><span class='ocrx_word' id='word_1_275' title='bbox 0 0 1220 3844; x_wconf 95' lang='lat' dir='ltr'><strong> </strong></span> 
     </span>
    </p>
   </div>
  </div>
 </body>
</html>
