2452 3842
49 243 213 334 rp.72,73.]
299 258 411 312 omer.
434 255 485 308 An
506 257 672 308 Arrronn
691 261 724 312 r.
748 245 766 310 8
790 261 821 312 a.
935 261 990 328 171

47 433 110 475 non
123 435 190 475 sum
205 417 356 476 arbitratus
375 435 440 476 esse
459 414 545 477 amici
563 435 625 475 non
644 416 821 476 commoveri
839 417 927 475 etiam
940 417 993 474 im-

48 517 209 590 proborum
224 533 368 587 sermone,
384 526 470 592 atque
485 534 522 574 eo
537 515 592 575 feci
607 515 774 588 studiosius
788 513 870 591 quod
884 515 1000 576 iudica.

47 618 118 674 bam
141 615 271 674 duriores
295 625 391 693 partes
412 615 484 674 mihi
508 616 659 692 impositas
682 633 746 674 esse
770 614 806 673 ab
829 614 992 674 offensione

46 723 157 785 nostra,
171 732 246 790 quae
260 715 354 790 magis
373 733 392 772 a
410 713 553 790 zelotypia
573 731 639 772 mea
658 731 747 788 quam
763 713 802 771 ab
823 693 925 770 iniuria
943 722 993 771 tua

47 822 119 870 nata
136 821 190 871 est.
234 811 281 871 Sic
302 812 380 870 enim
401 811 468 870 volo
488 822 517 870 te
538 811 590 870 tibi
610 812 795 887 persuadere,
808 810 880 869 mihi
901 812 992 870 nemi·

46 930 119 970 nem
143 929 208 970 esse
232 911 373 970 cariorem
395 920 424 968 te
447 919 571 986 excepto
593 908 718 968 Caesare
739 927 814 981 meo,
837 908 994 968 Caesarem

45 1008 177 1067 maxime
194 1009 224 1067 in
241 1009 300 1067 suis
320 1008 364 1066 M.
379 1007 553 1067 Ciceronem
571 1025 720 1084 reponere.
765 1027 791 1066 a.
813 1007 883 1079 Qua
898 1026 938 1078 re,
953 1009 993 1064 mi

46 1109 164 1179 Cicero,
186 1118 214 1166 te
231 1125 315 1183 rog0,
328 1117 360 1165 ut
379 1107 430 1166 tibi
451 1108 550 1166 omnia
568 1107 682 1182 integra
701 1125 805 1177 serves,
824 1107 885 1166 eius
905 1106 993 1164 fidem

45 1209 207 1284 improbes,
233 1207 282 1282 qui
307 1205 367 1276 tibi,
391 1215 424 1262 ut
447 1205 621 1263 beneficium
645 1204 734 1276 daret,
757 1205 836 1282 prius
860 1205 994 1264 iniuriam

46 1305 125 1376 lecit,
141 1314 244 1363 contra
260 1321 297 1361 ne
316 1302 475 1379 profugias,
490 1303 540 1379 qui
559 1313 596 1374 te,
612 1303 666 1361 etsi
684 1320 745 1361 non
766 1303 994 1380 amabit—quod

46 1403 184 1463 accidere
208 1418 270 1460 non
295 1410 440 1477 potest—,
466 1411 564 1460 tamen
590 1400 700 1459 salvum
725 1402 993 1479 amplissimumque

46 1521 115 1563 esse
130 1501 236 1576 cupiet.
276 1500 383 1559 Dedita
396 1517 486 1576 opera
500 1501 538 1559 ad
554 1510 582 1558 te
597 1499 795 1576 Calpurnium,
810 1499 996 1559 familiarissi-

45 1619 134 1660 mum
153 1618 261 1672 meum,
281 1599 354 1671 misi,
373 1608 405 1656 ut
425 1599 495 1656 mihi
513 1617 639 1674 magnae
658 1616 744 1658 curae
761 1609 841 1658 tuam
853 1599 942 1658 vitam
959 1617 994 1656 ac

47 1698 221 1774 dignitatem
235 1715 300 1756 esse
315 1694 421 1756 scires!

88 1796 208 1855 Eodem
232 1796 278 1854 die
301 1814 319 1855 a
345 1795 468 1856 Caesare
493 1797 664 1856 Philotimus
688 1797 795 1856 litteras
821 1797 913 1856 attulit
936 1795 994 1854 hoc

46 1893 197 1970 exemplo.

268 2057 315 2110 73.
357 2052 415 2111 AD
436 2051 630 2112 ATTICUM
651 2053 688 2112 X.
709 2056 726 2111 8
748 2051 781 2111 B.

240 2171 367 2228 ‘causan
387 2187 446 2226 mr.
466 2187 528 2227 sm.
548 2187 575 2226 n.
598 2187 732 2228 crcunom
752 2187 812 2226 mr.

95 2303 122 2344 1.
137 2282 208 2342 Ersr
222 2293 251 2341 te
265 2282 334 2340 nihil
348 2292 466 2356 temere,
474 2281 545 2342 nihil
559 2284 756 2360 imprudenter
767 2283 910 2342 facturum
921 2281 993 2340 iudi·

47 2400 161 2452 caram,
174 2392 274 2440 tamen
293 2392 442 2457 permotus
456 2382 608 2440 hominum
622 2382 702 2441 lama
716 2380 901 2440 scribendum
915 2380 953 2459 ad
967 2389 995 2438 te

48 2480 212 2543 exisrimavi
232 2490 260 2538 et
281 2498 336 2556 pro
356 2490 456 2538 nostra
476 2481 679 2540 benevolentia
698 2481 865 2556 petendum,
884 2497 996 2556 nequo

46 2577 266 2659 progredereris
281 2578 441 2654 proclinata
455 2579 513 2636 iam
527 2597 566 2650 re,
575 2597 636 2654 quo
649 2579 763 2654 integra
776 2579 863 2637 etiam
877 2594 996 2654 progre-

47 2678 193 2740 diendum
206 2677 257 2735 tibi
271 2694 332 2735 non
347 2677 560 2749 existimasses;
581 2695 708 2754 namque
723 2687 752 2735 et
770 2675 912 2736 amicitiae
931 2694 995 2752 gra·

48 2779 163 2835 viorem
184 2775 317 2834 iniuriam
338 2774 440 2834 leceris
461 2785 490 2834 et
510 2775 561 2833 tibi
585 2777 682 2834 minus
707 2775 864 2834 commode
889 2793 996 2834 consu-

47 2876 148 2944 lueris,
168 2875 193 2934 si
213 2892 275 2933 non
293 2874 426 2934 fortunae
445 2877 603 2934 obsecutus
622 2875 899 2934 videbere—omnia
917 2875 997 2933 enim

50 2975 264 3036 secundissima
278 2974 373 3045 nobis,
382 2974 585 3032 adversissima
597 2973 651 3031 illis
665 2974 805 3032 accidisse
816 2973 995 3043 videntur—,

48 3093 107 3133 nec
122 3089 242 3131 causam
256 3073 517 3131 secutus-eadem
531 3072 610 3129 enim
623 3081 686 3130 tum
696 3071 756 3143 fuit,
768 3089 836 3130 cum
846 3073 883 3130 ab
895 3089 997 3130 eorum
1037 3146 1039 3152 ἲ

49 3171 182 3232 consiliis
206 3171 308 3230 abesse
336 3170 516 3243 iudicasti—,
539 3169 591 3228 sed
618 3188 718 3227 meum
745 3169 863 3246 aliquod
887 3169 997 3228 factum

50 3269 305 3340 condemnavisse,
332 3286 392 3344 quo
420 3268 491 3326 mihi
518 3268 633 3344 gravius
649 3269 714 3326 .abs
741 3279 769 3328 te
797 3269 837 3325 nil
865 3269 996 3327 accidere

48 3377 151 3448 potest
158 3387 166 3441 ;
192 3366 273 3442 quod
294 3384 331 3425 ne
352 3367 450 3437 facias,
472 3384 526 3442 pro
547 3367 608 3424 iure
629 3377 746 3425 nostrae
767 3366 909 3426 amicitiae
929 3385 948 3425 a
968 3376 996 3424 te

48 3480 131 3548 peto.
176 3485 203 3526 2.
227 3465 387 3536 Postremo,
405 3466 475 3542 quid
499 3467 559 3524 viro
583 3466 665 3524 bono
692 3476 721 3526 et
744 3467 842 3544 quieto
864 3475 892 3524 et
916 3466 997 3524 bono
