2432 3844
174 183 221 246 xii
526 199 609 248 VITA
637 200 831 248 crcaaorvrs.

172 355 174 394 ζ
204 354 269 388 Annus
279 354 345 389 aetatis

218 404 319 438 Ciceronis.
1037 410 1108 439 mac.

256 477 288 526 54
369 464 405 510 M.
415 464 506 511 Crassus
518 473 597 511 contra
608 464 705 511 Parthos
716 479 819 528 pugnans
832 464 971 512 occiditur.
1049 473 1097 525 701

255 559 285 607 55
368 548 394 592 P.
403 547 563 594 ClodiusaT.
572 547 662 594 Milone
674 549 768 593 occisus.
799 545 971 605 Cn.Pompeius
1049 563 1050 571 ¹

398 629 428 676 iii.
440 630 526 687 consul,
540 630 587 676 sine
600 629 687 692 collega
741 665 747 676 .
814 664 820 675 .
887 664 893 676 .
960 663 966 676 .
1045 637 1094 690 702

230 705 310 773 56257
367 711 448 758 Cicero
460 711 564 758 Ciliciam
576 726 617 770 pro
632 712 724 758 consule
739 711 804 774 regit.
839 711 865 756 ln
881 710 970 757 ltaliam

399 794 456 840 redit
467 809 488 840 a.
498 794 519 841 d.
533 794 571 840 vii.
583 793 635 842 Kal.
649 795 821 841 Decembres.
889 829 895 840 .
961 827 968 840 .
1011 802 1127 855 703-704

252 877 283 939 58
366 875 453 923 Bellum
467 875 539 922 civile.
573 875 655 922 Cicero
669 886 722 936 post
735 877 829 938 longam
846 877 969 923 dubitatio·

396 973 448 1004 nem
461 957 488 1003 ad
502 957 635 1017 Pompeium
648 957 821 1017 proficiscitur.
888 993 894 1003 .
960 994 966 1005 .
1044 968 1092 1020 705

252 1054 283 1105 59
363 1041 420 1086 Post
441 1055 541 1102 pugnam
564 1039 716 1086 Pharsalicam
739 1040 763 1085 in
791 1041 880 1086 ltaliam
907 1040 983 1086 redit

395 1122 461 1168 Mors
471 1122 575 1181 Pompeii
589 1155 962 1169 ......
1041 1120 1089 1182 706

250 1206 283 1255 60
364 1207 511 1252 Caesareum
524 1205 634 1252 Cicerone
646 1207 703 1252 redit
716 1208 738 1251 in
750 1205 848 1268 gratiam
886 1241 890 1250 .
957 1239 963 1250 .
1040 1215 1088 1267 707

250 1289 279 1338 61
364 1289 452 1335 Bellum
474 1288 615 1333 Africanum.
656 1287 721 1333 Mors
743 1287 846 1333 Catonis.
884 1287 964 1334 Cicero

394 1369 511 1430 repudiata
523 1369 630 1417 Terentia
642 1370 760 1416 Publiliam
774 1369 836 1415 ducit
847 1383 944 1416 uxorem
956 1405 962 1416 .
1039 1369 1086 1431 708

364 1453 428 1499 Mors
439 1453 535 1500 Tulliae.
569 1453 650 1500 Caesar
662 1453 684 1498 in
697 1453 805 1511 Hispania
817 1461 896 1497 contra
907 1451 965 1500 filios

392 1535 497 1594 Pompeii
508 1543 595 1597 pugnat
815 1561 817 1566 ,
1038 1545 1085 1598 709

363 1617 389 1664 C.
402 1617 484 1664 Caesar
496 1617 571 1662 Idibus
586 1616 677 1662 Martiis
693 1617 809 1662 occiditur.
843 1617 923 1662 Cicero
937 1625 963 1663 ut

393 1699 463 1745 iturus
486 1700 509 1744 in
532 1699 651 1745 Graeciam
669 1701 784 1759 proiectus
803 1699 905 1745 Romam
928 1715 961 1745 re·

393 1783 495 1830 vertitur.
529 1782 650 1828 Orationes
667 1789 774 1841 quattuor
792 1781 862 1828 habet
882 1782 905 1826 in
926 1781 961 1828 M.

393 1867 528 1918 Antonium,
537 1879 595 1924 quae
606 1863 744 1924 Philippicae
756 1863 881 1923 appellatae
893 1871 958 1910 sunt.
1036 1873 1081 1922 710

361 1948 441 1994 Cicero
464 1947 518 1992 alias
541 1947 653 1992 orationes
676 1947 755 1992 decem
778 1937 913 2006 Philippicas
936 1946 958 1991 in

392 2031 427 2076 M.
444 2030 573 2076 Antonium
593 2027 670 2076 habet.
712 2029 799 2074 Bellum
821 2027 958 2076 Mutine'nse.

392 2113 473 2160 Cicero
485 2112 523 2158 vii.
536 2110 569 2158 ld.
581 2111 720 2157 Decembres
733 2111 845 2156 occiditur
878 2146 882 2156 .
951 2144 956 2155 .
1032 2117 1075 2170 711
