2436 3836
176 205 242 268 280
325 213 365 262 tr.
384 213 414 262 r.
432 212 621 262 crcrnonts
634 214 689 262 nr.
706 212 756 262 An
772 213 861 265 rnna.
877 215 913 266 r.
937 221 992 284 24.

174 375 201 432 6.
234 371 470 450 Sed-quicquid
493 372 543 432 tibi
565 372 669 444 scribe,
691 372 824 431 dolenter
843 373 1021 434 mehercule
1044 377 1134 452 magis

178 489 267 550 quam
293 471 407 528 inimice
432 469 629 547 facio-quod
654 472 721 529 vivit
746 473 894 531 Antonius
924 473 1033 545 hodie,
1059 470 1135 548 quod

177 569 307 646 Lepidus
331 587 391 628 una
415 577 466 640 est,
493 571 571 644 quod
600 571 741 629 exercitus
768 570 878 630 habent
904 590 972 630 non
1004 583 1134 630 contern-

175 668 300 738 nendos,
315 667 395 742 quod
411 675 535 743 sperant,
551 669 632 743 quod
645 669 761 742 audent,
776 687 864 728 omne
881 668 1012 729 Caesari
1027 687 1135 744 accep-

175 777 236 825 tum
252 765 356 824 referre
371 775 504 840 possunt
546 763 650 842 Neque
664 784 722 844 ego
737 769 887 844 superiora
901 779 1066 844 repetam;
1089 767 1136 826 sed

176 883 212 922 ex
232 883 268 922 eo
289 875 428 939 tempore,
444 879 504 938 quo
523 863 586 938 ipse
605 864 675 922 mihi
695 864 843 940 professus
861 875 908 924 est
928 885 965 924 se
989 868 1102 937 venire,
1116 866 1136 922 si

176 963 272 1021 venire
292 961 437 1033 voluisset,
454 971 502 1020 aut
522 979 694 1038 oppressum
716 964 774 1022 iam
795 965 904 1022 bellum
926 975 1015 1024 esset
1038 967 1136 1024 autin

177 1061 385 1120 aversissimam
399 1059 453 1118 illis
468 1058 641 1135 Hispaniam
655 1079 722 1119 cum
737 1062 911 1132 detrimento
925 1081 1041 1121 eorum
1057 1083 1137 1121 max-

176 1161 237 1218 imo
253 1168 406 1218 extrusum.
450 1156 535 1230 Quae
551 1176 635 1216 mens
655 1177 731 1230 eum,
746 1170 794 1218 aut
814 1179 941 1236 quorum
964 1163 1137 1231 consilia,a

176 1268 257 1318 tanta
270 1257 369 1334 gloria,
385 1257 439 1315 sibi
454 1273 522 1314 vero
537 1257 623 1315 etiam
637 1259 799 1318 necessaria
812 1277 846 1316 ac
861 1258 991 1330 salutari,
1004 1262 1136 1318 avocarit

177 1369 206 1418 et
234 1356 271 1415 ad
299 1354 504 1432 cogitationem
532 1355 699 1414 consulatus
726 1357 868 1415 bimestris
903 1375 1029 1416 summo
1067 1376 1134 1416 cum

177 1467 284 1516 terrore
298 1453 450 1510 hominum
464 1463 493 1512 et
506 1451 614 1511 insulsa
627 1471 695 1511 cum
714 1453 917 1530 efflagitatione
937 1457 1133 1538 transtulerit,

178 1563 315 1630 exputare
331 1569 391 1610 non
405 1568 535 1628 possum.
572 1563 598 1624 7.
613 1549 739 1609 Multum
753 1553 782 1609 in
796 1552 850 1609 hac
863 1570 894 1609 re
907 1551 982 1609 mihi
994 1553 1134 1613 videntur

178 1650 334 1710 necessarii
358 1651 419 1707 eius
440 1658 469 1708 et
489 1649 529 1706 rei
550 1649 681 1724 publicae
703 1659 731 1708 et
751 1651 842 1726 ipsius
866 1668 954 1708 causa
981 1653 1131 1728 proficere

177 1767 280 1826 posse;
310 1748 474 1824 plurimum,
499 1757 530 1805 ut
554 1757 634 1823 puto,
659 1758 690 1806 tu
714 1765 840 1826 quoque,
864 1749 946 1806 cuius
971 1749 1021 1807 ille
1048 1761 1130 1809 tanta

178 1849 280 1908 merita
294 1847 390 1917 habet,
405 1855 514 1922 quanta
532 1863 621 1904 nemo
640 1857 753 1922 praeter
771 1864 819 1903 me
829 1865 837 1918 ;
860 1865 1026 1922 numquam
1047 1851 1128 1907 eninr

178 1949 330 2009 obliviscar
349 1947 476 2003 maxima
497 1963 531 2003 ac
555 1945 680 2020 plurima
702 1963 751 2003 me
773 1945 824 2004 tibi
849 1945 962 2004 debere.
1008 1947 1058 2005 De
1085 1950 1128 2006 his

178 2051 264 2108 rebus
288 2055 320 2104 ut
344 2046 471 2120 exigeret
495 2062 562 2102 cum
587 2061 632 2116 eo,
653 2044 761 2102 Furnio
786 2044 929 2102 mandavi.
972 2043 1068 2116 Quod
1095 2050 1126 2119 si,

179 2156 317 2225 quantam
343 2142 445 2213 debe0,
467 2142 596 2200 habuero
617 2142 695 2218 apud
715 2161 782 2200 eum
803 2143 1013 2214 auctoritatem,
1035 2145 1125 2220 pluri·

178 2265 259 2305 mum
280 2245 376 2320 ipsum
397 2242 503 2298 iuvero.
546 2243 572 2298 8.
598 2239 662 2298 Nos
683 2241 791 2298 interea
811 2239 924 2297 duriore
946 2241 1125 2302 condicione

178 2345 286 2404 bellum
320 2341 502 2410 sustinemus,
530 2338 610 2414 quod
640 2356 735 2413 neque
763 2337 1010 2413 expeditissimam
1040 2342 1125 2399 dimi-

179 2446 324 2505 cationem
344 2449 480 2516 putamus
501 2455 595 2513 neque
619 2445 719 2495 tamen
742 2435 912 2512 refugiendo
937 2441 1124 2500 commissuri

179 2559 287 2606 sumus,
302 2547 334 2597 ut
352 2538 445 2594 maius
464 2536 669 2593 detrimentum
686 2553 732 2593 res
746 2535 861 2610 publica
875 2536 1008 2611 accipere
1023 2542 1124 2613 possit.

180 2639 270 2710 Quod
285 2639 308 2696 si
327 2645 377 2695 aut
396 2634 505 2693 Caesar
524 2651 555 2692 se
574 2633 732 2709 respexerit
751 2642 800 2690 aut
817 2630 971 2690 Africanae
991 2634 1125 2710 legiones

179 2738 308 2797 celeriter
330 2734 467 2803 venerint,
490 2749 607 2789 securos
631 2749 683 2788 vos
708 2732 745 2789 ab
769 2730 824 2788 hac
848 2742 929 2806 parte
957 2733 1124 2793 reddemus.

180 2834 237 2905 Tu,
252 2845 283 2891 ut
302 2831 455 2902 instituisti,
471 2848 518 2888 me
539 2829 641 2904 diligas
662 2847 736 2905 rogo
758 2829 931 2906 proprieque
953 2840 1040 2890 tuum
1062 2852 1125 2893 esse

178 2933 230 2992 tibi
244 2932 425 3008 persuadeas.
468 2928 505 2987 V.
521 2926 587 2986 Kal.
604 2927 682 2986 Sext.
698 2946 734 2985 ex
749 2927 856 2986 castris
