2454 3842
218 253 280 315 124
483 247 522 296 M.
549 247 669 296 Tunurr
689 247 879 297 crosnonrs
1048 235 1113 318 [nas
1127 249 1154 295 11.

213 403 401 480 provinciam,
423 411 480 472 aut,
502 402 526 460 si
547 421 599 478 per
620 402 752 461 tribunos
772 403 811 479 pi.
829 420 891 461 non
910 402 1043 480 patiatur,
1063 414 1155 462 tamen

213 504 351 581 quiescat,
376 519 438 560 rem
466 500 571 559 adduci
599 501 638 560 ad
664 502 870 578 interregnum,
896 511 952 573 aut,
978 503 1003 560 si
1027 504 1069 561 ob
1096 521 1156 560 eam

214 619 340 672 causam,
354 599 433 678 quod
446 599 519 658 ratio
534 599 596 657 eius
615 617 676 658 non
690 599 837 671 habeatur,
853 600 1011 659 exercitum
1026 601 1156 672 adducat,

213 701 302 760 armis
326 717 394 758 cum
423 715 459 756 eo
487 696 673 764 contendere,
697 697 777 755 ilium
805 706 903 756 autem
926 698 1042 756 initium
1068 699 1157 758 facere

214 817 361 859 armorum
383 806 434 855 aut
458 795 556 854 statim
576 795 663 854 nobis
683 796 780 854 minus
801 797 908 872 paratis
929 807 978 856 aut
999 807 1072 869 tum,
1095 817 1157 856 cum

213 898 346 968 comitiis,
361 893 462 954 amicis
480 894 542 952 eius
557 894 778 970 postulantibus,
792 904 824 953 ut
843 913 860 953 e
879 895 944 972 lege
962 897 1037 954 ratio
1053 897 1157 954 habea·

212 1009 266 1068 tur,
287 997 474 1072 impetratum
500 1009 562 1050 non
587 992 631 1062 sit,
652 992 694 1050 ire
717 1002 814 1052 autem
838 992 877 1052 ad
901 1013 982 1052 arma
1010 1005 1061 1052 aut
1086 995 1157 1053 hanc

212 1116 302 1157 unam
325 1097 365 1155 ob
389 1111 516 1163 causam,
538 1091 619 1169 quod
640 1092 712 1150 ratio
737 1110 800 1151 non
821 1093 969 1165 habeatur,
990 1105 1042 1153 aut
1064 1095 1157 1154 addita

212 1212 308 1264 causa,
324 1193 348 1253 si
362 1194 435 1251 forte
456 1192 586 1249 tribunus
606 1190 644 1267 pl.
660 1199 793 1248 senatum
813 1191 976 1268 impediens
997 1202 1047 1252 aut
1067 1212 1157 1270 popu-

212 1292 272 1349 lum
287 1291 410 1349 incitans
422 1291 546 1347 'notatus
566 1297 615 1346 aut
635 1298 751 1347 senatus
772 1290 905 1350 consulto
924 1291 1157 1369 circumscriptus

213 1399 262 1447 aut
284 1388 413 1447 sublatus
435 1398 484 1446 aut
504 1387 641 1464 expulsus
667 1387 702 1445 sit
725 1386 860 1446 dicensve
885 1406 917 1446 se
941 1391 1100 1465 expulsum
1122 1393 1157 1450 ad

211 1487 292 1545 illum
317 1484 488 1562 confugerit,
511 1495 648 1561 suscepto
673 1493 771 1544 autem
794 1485 871 1544 bello
896 1495 945 1545 aut
969 1490 1100 1549 tenenda
1123 1493 1158 1549 sit

212 1586 281 1644 urbs
296 1594 345 1644 aut
363 1603 398 1643 ea
416 1584 514 1642 relicta
532 1583 578 1642 ille
595 1593 762 1642 commeatu
780 1593 809 1642 et
827 1585 943 1661 reliquis
962 1587 1058 1663 copiis
1072 1589 1156 1646 inter-

212 1680 501 1760 cludendus‚-quod
515 1682 620 1740 horum
634 1681 787 1753 malorum,
801 1700 927 1759 quorum
942 1683 1063 1760 aliquod
1083 1697 1157 1746 certe

212 1779 396 1840 subeundum
417 1790 468 1852 est,
488 1780 641 1838 minimum
661 1789 761 1855 putes:
785 1799 810 1855 3.
835 1781 915 1841 dices
935 1783 1070 1858 profecto
1092 1804 1155 1863 per·

213 1879 327 1938 suaderi
348 1878 395 1948 illi,
416 1887 448 1936 ut
469 1877 563 1935 tradat
584 1877 742 1936 exercitum
764 1878 853 1936 etita
877 1881 980 1938 consul
1002 1881 1061 1940 fiat.
1106 1883 1157 1942 Est

212 1978 333 2037 omnino
347 1977 378 2037 id
392 1977 454 2034 eius
473 1975 563 2046 modi,
578 1984 618 2046 ut,
634 1975 658 2034 si
676 1975 722 2034 ille
741 1993 778 2034 eo
798 1977 963 2045 descendat,
978 1990 1083 2039 contra
1103 1982 1162 2064 dici⁸

211 2078 282 2136 nihil
296 2077 395 2154 possit,
411 2075 498 2150 idque
518 2091 594 2144 eum,
610 2074 635 2132 si
653 2091 715 2132 non
728 2075 866 2147 obtineat,
880 2086 913 2135 ut
929 2078 1002 2136 ratio
1017 2079 1157 2142 habeatur

210 2176 358 2234 retinentis
378 2173 544 2243 exercitum,
566 2189 628 2230 non
650 2172 745 2232 facere
765 2173 870 2246 mirer;
891 2175 978 2234 nobis
998 2187 1108 2250 autem,
1127 2190 1157 2238 ut

211 2275 330 2348 quidam
344 2279 454 2349 putant,
469 2270 540 2328 nihii
555 2279 599 2328 est
616 2271 780 2329 timendum
794 2272 887 2348 magis
909 2291 999 2349 quam
1016 2276 1064 2334 ille
1087 2295 1156 2336 con-

211 2371 263 2429 sul.
305 2372 358 2429 ‘At
371 2371 413 2429 sic
427 2368 520 2426 malo’
542 2370 655 2446 inquies
677 2374 782 2446 ‘quam
797 2388 864 2429 cum
878 2373 1026 2431 exercitu!
1061 2374 1156 2436 Certe.

211 2467 269 2527 Sed
293 2469 370 2530 istud
394 2470 500 2546 ipsum,
525 2469 600 2534 dico,
625 2486 767 2544 magnum
794 2467 905 2526 malum
932 2480 1014 2546 putat
1043 2474 1156 2551 aliquis,

210 2583 305 2642 neque
333 2568 360 2625 ei
387 2566 548 2624 remedium
576 2575 619 2624 est
642 2565 741 2625 ullum.
785 2565 976 2626 ‘Cedendum
1001 2581 1054 2641 est,
1078 2574 1104 2630 si
1129 2574 1157 2631 id

209 2664 303 2723 volet!
344 2664 420 2723 Vide
439 2662 590 2723 consulem
610 2665 689 2722 illum
706 2665 817 2736 iterum,
832 2684 920 2742 quem
934 2667 1029 2727 vidisti
1048 2688 1157 2729 consu-

209 2764 270 2821 latu
297 2763 401 2839 priore.
443 2764 500 2821 ‘At
527 2772 590 2821 tum
617 2763 778 2822 imbecillus
806 2764 887 2841 plus'
922 2765 1015 2842 inquit
1050 2769 1158 2827 ‘valuit

210 2879 299 2937 quarn
312 2869 374 2919 tota
386 2878 432 2920 res
446 2860 580 2936 publica!
623 2859 702 2933 Quid
717 2881 796 2921 nunc
809 2864 917 2938 putas?
938 2873 967 2922 et
981 2882 1017 2924 eo
1033 2867 1157 2926 consule

209 2957 351 3034 Pompeio
367 2968 476 3017 certum
490 2968 534 3018 est
548 2977 612 3018 esse
633 2959 663 3017 in
678 2959 829 3036 Hispania
873 2960 902 3020 O
921 2980 983 3020 rem
1000 2963 1156 3023 miseram!

208 3057 233 3113 si
256 3056 374 3131 quidem
395 3057 425 3115 id
445 3057 542 3134 ipsum
563 3056 748 3116 deterrimum
769 3069 821 3130 est,
843 3059 924 3134 quod
944 3063 1071 3120 recusari
1094 3081 1157 3122 non

207 3161 313 3229 potest,
331 3163 359 3212 et
383 3155 465 3229 quod
489 3154 535 3213 ille
559 3157 583 3214 si
608 3155 701 3227 faciat,
725 3155 843 3216 iamiam
864 3157 990 3216 abonis
1014 3161 1156 3219 omnibus

207 3267 352 3310 summam
380 3252 458 3311 ineat
481 3253 612 3329 gratiam.
656 3271 682 3325 4.
705 3253 857 3314 Tollamus
884 3254 970 3330 igitur
996 3255 1063 3330 hoc,
1094 3276 1155 3334 quo

206 3348 285 3406 illum
305 3368 393 3425 posse
410 3351 515 3408 adduci
534 3361 662 3426 negant:
685 3351 721 3410 dc
739 3351 856 3429 reliquis
877 3353 947 3429 quid
968 3362 1015 3413 est
1035 3355 1156 3415 deterri-

206 3447 307 3504 mum?
329 3447 489 3506 concedere
504 3447 551 3519 illi,
566 3448 654 3523 quod,
669 3458 701 3507 ut
714 3450 794 3508 idem
809 3451 886 3524 dicit,
901 3452 1155 3529 impudentissime
