2454 3842
61 297 110 356 ap.
129 281 186 363 54]
273 291 387 342 artur.
410 293 460 340 An
481 291 649 342 naricum
672 293 748 341 vm.
772 300 801 366 3.
951 295 1010 368 135

283 507 329 562 54.
371 502 429 562 AD
449 501 645 563 ATTICUM
666 503 751 563 VIII.
773 510 799 564 3.

64 618 134 678 Sca.
145 637 175 676 nu
186 637 263 678 aeno
275 617 396 677 Carano
407 638 467 678 an.
479 638 517 677 xr.
527 617 688 678 Kscnnons
700 618 837 678 Mnasias
848 638 931 679 auc.
942 632 1009 693 705.

384 744 487 785 cronno
508 744 614 785 arnco
634 744 695 785 sar..

113 859 137 896 1.
160 837 292 897 Mnxnns
306 847 335 897 et
348 839 515 898 miserrimis
529 842 615 899 rebus
629 841 819 915 perturbatus,
831 858 898 899 curn
911 857 1010 899 coram

63 945 166 996 tecum
180 937 251 995 mihi
264 947 392 1013 potestas
411 939 587 998 deliberandi
603 957 665 999 non
682 951 766 1011 esset,
780 941 822 999 uti
841 950 940 1000 tamen
958 950 1009 997 tuo

64 1036 191 1094 consilio
224 1034 301 1094 volui
313 1055 322 1107 3
336 1041 343 1058 '
358 1035 524 1096 deliberatio
554 1046 652 1096 autem
684 1039 780 1098 omnis
807 1039 879 1098 haec
907 1048 959 1109 est,
988 1039 1012 1096 si

65 1135 226 1211 Pompeius
247 1133 328 1192 Italia
347 1134 440 1205 cedat,
455 1135 535 1210 quod
554 1153 622 1193 eum
637 1135 778 1194 facturum
793 1155 857 1196 esse
872 1137 1010 1213 suspicor,

64 1233 140 1309 quid
158 1233 228 1290 mihi
247 1233 395 1308 agendum
413 1241 505 1307 putes,
520 1242 556 1303 et,
572 1251 632 1309 quo
651 1233 761 1292 facilius
775 1235 927 1294 consilium
941 1235 1010 1292 dare

64 1331 173 1406 possis,
189 1331 259 1406 quid
279 1330 309 1388 in
327 1339 480 1406 utramque
499 1339 610 1406 partem
630 1330 700 1388 mihi
718 1332 749 1389 in
766 1341 894 1390 mentem
909 1333 1011 1402 veniat,

65 1429 222 1504 explicabo
243 1429 329 1486 brevi.
374 1448 400 1487 2.
422 1427 499 1487 Cum
524 1429 626 1487 merita
649 1429 780 1506 Pompeii
805 1447 920 1489 summa
943 1446 1012 1505 erga

66 1527 193 1586 salutem
220 1545 317 1586 meam
345 1526 585 1602 familiaritasque,
607 1546 681 1604 quae
709 1527 779 1586 mihi
806 1546 874 1587 eum
898 1546 934 1587 eo
958 1537 1011 1598 est,

65 1638 132 1685 tum
159 1626 223 1702 ipsa
249 1625 290 1683 rei
317 1625 450 1701 publicae
478 1643 566 1683 causa
593 1643 640 1684 me
669 1625 794 1697 adducit,
816 1637 848 1685 ut
875 1626 945 1685 mihi
968 1627 1013 1684 vel

66 1723 222 1784 consilium
241 1743 339 1782 meum
359 1741 427 1782 cum
447 1723 521 1781 illius
540 1723 669 1793 consilio,
684 1724 728 1783 vel
747 1724 863 1783 fortuna
879 1745 938 1783 meo
952 1743 1013 1782 cum

66 1823 149 1880 illius
154 1823 279 1899 fortuna
299 1822 505 1897 coniungenda
525 1839 589 1880 esse
608 1821 745 1881 videatur.
786 1823 909 1883 Accedit
926 1823 1012 1882 illud:

67 1923 94 1980 si
108 1939 216 1978 maneo
231 1931 259 1978 et
274 1921 355 1978 illum
370 1919 540 1978 comitatum
554 1920 732 1995 optimorum
747 1931 776 1979 et
789 1921 1012 1980 clarissimorum

67 2021 176 2079 civium
188 2020 299 2089 desem,
311 2018 476 2078 cadendum
491 2024 535 2075 est
548 2017 579 2074 in
593 2017 677 2076 unius
691 2027 874 2093 potestatem,
887 2020 943 2096 qui,
959 2021 1012 2078 etsi

66 2116 166 2175 multis
180 2117 266 2177 rebus
280 2117 424 2192 significat
438 2133 470 2174 se
485 2116 569 2174 nobis
584 2133 648 2174 esse
662 2116 797 2186 amicum,
809 2127 837 2174 et
851 2126 881 2174 ut
896 2127 980 2187 esset,
994 2136 1012 2175 a

66 2234 118 2273 me
132 2224 276 2273 est-tute
291 2215 508 2290 scis-propter
520 2214 713 2290 suspitionem
723 2213 808 2272 huius
818 2214 1013 2288 impendentis

66 2313 248 2388 tempestatis
270 2312 362 2371 multo
383 2323 450 2372 ante
471 2313 629 2388 provisum,
646 2322 745 2370 tamen
765 2319 919 2387 utrumque
939 2329 1012 2370 con-

65 2409 256 2469 siderandum
281 2421 333 2481 est,
359 2419 388 2469 et
412 2420 522 2486 quanta
545 2410 618 2468 fides
643 2409 670 2467 ei
698 2411 734 2468 sit
761 2408 896 2468 habenda
923 2419 960 2480 et,
989 2412 1014 2469 si

64 2509 195 2568 maxime
209 2509 391 2584 exploratum
407 2510 442 2568 sit
456 2527 524 2567 eum
539 2509 624 2569 nobis
639 2508 765 2567 amicum
782 2507 854 2579 fore,
869 2508 942 2567 sitne
961 2509 1013 2568 viri

63 2608 150 2667 fortis
172 2617 201 2666 et
221 2606 291 2666 boni
310 2607 381 2665 civis
400 2625 465 2666 esse
484 2607 513 2664 in
533 2607 658 2665 ea-urbe
677 2608 707 2663 in
724 2623 790 2681 qua,
805 2625 872 2665 cum
891 2609 1012 2666 summis

62 2706 229 2768 honoribus
256 2705 443 2781 Imperiisque
471 2723 541 2764 usus
569 2706 614 2775 sit,
637 2723 682 2764 res
711 2706 853 2764 maximas
881 2707 1010 2782 gesserit,

65 2804 233 2866 sacerdotio
255 2803 292 2861 sit
310 2803 491 2878 amplissimo
509 2804 664 2880 praeditus,
679 2821 789 2862 nomen
811 2784 934 2874 futurus,
945 2806 1013 2863 sub·

65 2903 256 2977 eundumque
276 2901 436 2976 periculum
457 2903 500 2972 sit,
522 2919 589 2960 cum
609 2901 706 2976 aliquo
727 2900 788 2959 fore
814 2899 966 2972 dedecore,
989 2902 1013 2960 si

64 2999 187 3080 quando
201 2998 360 3074 Pompeius
377 3017 439 3056 rem
458 2998 605 3074 publicam
626 2999 809 3075 recuperarit.
853 3018 879 3074 3.
901 2999 938 3057 In
956 3000 1012 3059 hae

64 3081 149 3178 parte
171 3098 244 3156 haec
266 3106 349 3167 sunt;
375 3097 440 3156 vide
464 3115 551 3168 nunc,
577 3115 652 3172 quae
676 3098 732 3156 sint
753 3098 784 3156 ln
808 3098 913 3158 altera:
941 3099 1013 3157 nihil

63 3208 164 3259 actum
179 3206 222 3255 est
236 3214 254 3254 a
267 3195 409 3272 Pompeio
423 3204 524 3255 nostro
539 3196 690 3271 sapienter,
701 3195 770 3254 nihil
784 3196 914 3270 fortiter,
933 3198 1012 3255 addo

64 3301 164 3365 etiam,
179 3293 249 3352 nihil
268 3293 323 3352 nisi
342 3303 444 3353 eontra
463 3294 616 3352 consilium
635 3296 891 3371 auctoritatemque
905 3315 1010 3354 meam.

65 3395 182 3456 Omitto
197 3391 245 3450 illa
258 3402 366 3463 vetera,
382 3392 463 3469 quod
478 3392 564 3451 istum
578 3393 608 3450 in
628 3412 689 3452 rem
710 3394 857 3470 publicam
876 3394 923 3452 ille
947 3391 1015 3451 aluit

65 3493 156 3564 auxit,
179 3490 308 3564 armavit,
333 3490 379 3550 ille
406 3491 518 3567 legibus
547 3509 599 3568 per
623 3491 682 3549 vim
706 3502 734 3552 et
758 3501 860 3552 contra
885 3491 1013 3566 auspicia
