2432 3844
59 207 117 268 sp.
133 193 184 276 ιε]
263 206 375 259 rerer.
398 207 448 255 ao
470 183 591 272 Qurnr.
613 205 719 254 κατ’.
740 209 765 256 r.
783 211 812 260 2.
970 212 1009 272 41

63 374 174 424 contra
193 365 324 424 Flavium
345 366 388 437 sit,
409 365 539 442 amplius.
580 362 619 423 Et
639 365 728 423 Flavii
749 383 836 423 causa
855 373 884 423 et
905 363 1013 423 scilicet

64 463 204 539 Pompeii
219 463 308 524 sacies
323 465 429 522 omnia
470 463 551 522 Nolo
565 464 678 522 medius
692 463 778 522 fidius
792 481 828 521 ex
843 472 893 521 tua
910 463 1013 522 iniuria

63 561 101 618 in
122 561 202 619 illum
223 563 276 620 tibi
295 561 443 620 liberalem
463 581 512 620 me
533 562 629 632 videri,
651 562 704 621 sed
724 571 753 620 te
774 579 836 632 oro,
850 571 882 619 ut
900 571 931 620 tu
949 562 1012 637 ipse

65 660 274 718 auctoritatem
294 670 322 718 et
342 671 565 720 monumentum
586 660 704 738 aliquod
725 660 832 720 decreti
853 668 902 718 aut
925 660 1014 717 litter-

64 774 153 816 arum
174 767 290 816 tuarum
314 759 467 835 relinquas,
491 759 572 835 quod
599 761 636 819 sit
662 759 701 818 ad
725 758 815 818 Flavii
838 775 900 815 rem
924 766 953 814 et
975 754 1013 814 ad

65 874 192 915 causam
212 851 454 918 accomodatum:
477 859 530 918 fert
551 860 630 918 enim
650 858 772 935 graviter
792 857 884 916 homo
905 865 934 914 et
954 855 1013 913 mei

65 956 343 1015 observantissimus
357 967 386 1016 et
400 958 444 1016 sui
458 959 526 1016 iuris
540 957 743 1035 dignitatisque
755 957 881 1015 retinens
892 972 923 1013 se
934 953 1013 1030 apud

64 1062 96 1110 te
116 1071 216 1128 neque
235 1055 360 1114 amicitia
379 1074 433 1114 nec
453 1055 512 1113 iure
530 1055 669 1128 valuisse;
691 1064 729 1125 et,
743 1065 775 1113 ut
793 1055 908 1130 opinor,
924 1052 1014 1110 Flavii

65 1151 229 1226 aliquando
243 1169 306 1210 rem
319 1162 348 1210 et
362 1153 520 1229 Pompeius
535 1164 564 1212 et
578 1153 686 1214 Caesar
699 1153 750 1212 tibi
761 1151 1013 1220 commendarunt,

65 1251 177 1326 etipse
193 1250 231 1307 ad
250 1259 279 1308 te
296 1252 449 1326 scripserat
468 1252 582 1311 Flavius
601 1262 629 1311 et
646 1271 703 1328 ego
723 1262 808 1313 certe.
851 1250 921 1323 Qua
939 1268 970 1308 re
989 1249 1014 1307 si

65 1348 127 1406 ulla
141 1367 190 1408 res
204 1358 256 1421 est,
271 1367 359 1424 quarn
377 1350 429 1407 tibi
447 1367 496 1408 me
514 1359 631 1427 petente
650 1351 814 1410 faciendam
831 1360 925 1427 putes,
939 1349 1012 1408 haec

66 1464 103 1504 ea
123 1447 169 1506 sit
214 1446 244 1505 Si
264 1465 313 1506 me
334 1466 424 1519 amas,
439 1467 515 1520 cura,
531 1449 654 1521 elabora,
669 1451 784 1526 perfice,
801 1459 833 1508 ut
851 1448 965 1506 Flavius
985 1457 1014 1505 et

66 1545 119 1602 tibi
134 1555 165 1603 et
179 1545 251 1604 mihi
264 1563 353 1622 quarn
366 1548 509 1606 maximas
523 1549 630 1624 gratias
645 1558 728 1624 agat:
750 1547 807 1607 hoc
824 1558 853 1605 te
872 1547 912 1605 ita
930 1563 1012 1622 rogo,

66 1652 99 1702 ut
113 1644 227 1702 maiore
242 1623 338 1704 studio
352 1663 457 1721 rogare
470 1665 531 1704 non
545 1649 665 1722 possim.

109 1740 164 1799 IV.
191 1761 235 1800 12.
258 1741 349 1813 Quod
367 1744 471 1803 adme
490 1745 526 1803 de
546 1745 669 1805 Hermia
687 1745 796 1816 scribis,
810 1744 881 1802 mihi
900 1744 1013 1802 meher-

67 1841 135 1900 cule
150 1841 232 1899 valde
246 1842 401 1902 molestum
419 1842 479 1902 suit.
522 1843 646 1904 Litteras
665 1845 703 1903 ad
722 1855 750 1904 te
768 1863 872 1921 parum
889 1843 1012 1902 fraterne

69 1941 245 2016 scripseram
256 1959 264 2012 ;
286 1957 359 2015 quas
380 1943 510 2001 oratione
531 1943 662 2015 Diodoti,
681 1942 794 2002 Luculli
812 1943 914 2014 liberti,
934 1959 1014 2002 com-

68 2047 178 2108 motus,
207 2037 244 2096 de
271 2040 407 2114 pactione
435 2041 530 2098 statim
558 2042 639 2117 quod
666 2041 823 2112 audieram,
847 2040 1013 2099 iracundius

69 2138 244 2212 scripseram
263 2147 293 2196 et
311 2155 445 2198 revocare
464 2139 636 2214 cupiebam:
656 2139 723 2198 huic
743 2150 774 2198 tu
792 2138 932 2214 epistolae
951 2155 1013 2194 non

69 2234 195 2295 fraterne
209 2236 333 2311 scriptae
346 2235 470 2294 fraterne
489 2237 578 2295 debes
597 2238 759 2312 ignoscere.
804 2255 850 2310 13.
871 2234 918 2292 De
933 2233 1010 2294 Cen-

71 2335 181 2406 sorino,
209 2335 348 2406 Antonio,
377 2333 479 2406 Casiis,
506 2335 653 2406 Scaevola,
681 2345 710 2394 te
737 2337 775 2393 ab
802 2335 837 2392 iis
865 2333 953 2409 diligi,
981 2344 1013 2390 ut

72 2433 184 2498 scribis,
206 2431 391 2490 vehementer
414 2433 539 2509 gaudeo.
582 2432 686 2492 Cetera
709 2431 824 2491 fuenmt
851 2431 882 2489 in
909 2431 1012 2490 eadem

72 2530 196 2608 epistola
206 2530 346 2606 graviora,
356 2549 444 2607 quam
455 2531 574 2590 vellem:
589 2533 668 2606 ὀρθὰν
677 2535 724 2588 τὰν
732 2536 792 2588 ναῦν
801 2541 831 2589 et
841 2532 910 2601 ἅπαξ
921 2532 1013 2589 θανεῖν.

72 2611 188 2688 Maiora
209 2629 264 2688 ista
288 2639 386 2691 erunt:
411 2649 495 2689 meae
518 2631 735 2707 obiurgationes
763 2630 878 2688 fuerunt
906 2631 1013 2688 amoris

73 2726 275 2802 plenissimae3
297 2746 371 2803 quae
387 2738 453 2786 sunt
467 2747 529 2787 non
542 2729 628 2800 nulla,
641 2728 692 2787 sed
701 2739 800 2788 tamen
813 2729 971 2788 mediocria
985 2738 1014 2786 et

74 2843 159 2901 parva
170 2825 275 2900 potius
303 2825 369 2900 Ego
383 2836 411 2888 te
426 2844 587 2903 numquam
601 2826 658 2885 ulla
672 2828 702 2884 in
716 2846 746 2885 re
758 2826 880 2902 dignum
891 2826 1013 2884 minima

74 2922 297 2999 reprehensione
316 2935 472 3000 putassem,
487 2943 555 2983 cum
574 2935 603 2983 te
622 2925 801 2983 sanctissime
819 2942 942 3000 gereres,
956 2925 1014 2982 nisi

75 3021 207 3080 inimicos
234 3022 341 3081 multos
368 3023 550 3084 haberemus.
592 3021 676 3095 Quae
705 3023 742 3081 ad
771 3033 799 3081 te
827 3023 923 3098 aliqua
953 3041 1012 3079 cum

76 3119 234 3179 monitione
258 3130 307 3179 aut
331 3121 532 3197 obiurgatione
555 3121 664 3197 scripsi,
686 3121 788 3197 scripsi
808 3130 927 3197 propter
949 3119 1012 3179 dili-

77 3218 199 3293 gentiam
219 3219 360 3277 cautionis
379 3237 469 3291 meae,
486 3219 589 3295 inqua
607 3228 636 3276 et
654 3237 759 3278 maneo
777 3228 806 3276 et
826 3219 954 3276 manebo
975 3227 1012 3286 et,

77 3315 150 3374 idem
163 3326 195 3374 ut
208 3315 304 3389 facias,
316 3335 377 3374 non
392 3317 531 3376 desistam
544 3334 656 3394 rogare.
702 3335 747 3388 14.
762 3317 877 3376 Attalus
892 3315 1011 3391 Hypae-

79 3433 166 3494 penus
180 3433 297 3475 meeum
314 3417 381 3492 egit,
396 3426 428 3476 ut
447 3435 478 3476 se
498 3435 535 3476 ne
554 3416 717 3494 impedires,
733 3434 793 3493 quo
811 3418 916 3488 minus,
931 3415 1012 3491 quod
