2452 3842
169 206 207 260 u.
227 207 345 256 rurrrr
359 207 547 258 crosnoms
560 209 616 258 se.
633 208 683 256 aa
696 207 777 260 arr.
794 209 841 258 xz.
860 195 890 258 6.
948 206 1007 278 179

59 371 176 420 tantum
202 361 345 439 rescripsi,
373 381 392 422 a
419 361 524 439 quibus
559 379 738 437 acceperam.
788 361 839 420 Tu
866 360 951 419 velim
980 369 1010 420 et

58 459 160 519 Basilo
182 470 210 519 et
230 461 335 537 quibus
355 472 504 538 praeterea
522 461 671 532 videbitur,
686 461 773 520 etiam
795 459 916 548 Seruilio
938 477 1009 519 con·

57 559 180 640 scribas,
191 568 223 618 ut
236 560 287 618 tibi
300 559 451 631 videbitur,
465 577 533 618 meo
548 560 675 618 nomine.
719 558 808 632 Quod
823 568 904 617 tanto
919 559 1008 617 inter-

55 659 133 717 vallo
159 657 229 716 nihil
255 660 377 717 omnino
403 659 441 717 ad
465 675 517 718 vos
542 659 652 735 scripsi,
677 657 722 717 his
747 659 847 716 litteris
871 657 1005 734 profecto

56 753 211 829 intelleges
229 771 292 811 rem
311 753 382 810 mihi
396 753 509 825 deesse,
523 753 560 812 de
575 771 633 830 qua
651 755 786 824 scnbam,
801 770 862 811 non
876 752 1007 810 volunta-

54 865 126 911 tem.
170 871 198 926 4.
223 851 315 924 Quod
339 852 376 911 de
397 853 517 910 Vatinio
542 853 667 929 quaeris,
691 870 787 928 neque
811 851 885 910 illius
910 868 1007 927 neque

55 952 233 1028 cuiusquam
259 949 331 1008 mihi
354 961 503 1028 praetcrea
530 951 658 1009 officium
686 950 808 1022 deesset,
831 950 855 1009 si
880 949 1006 1026 reperire

54 1058 190 1126 possent,
205 1068 263 1126 qua
282 1051 313 1108 in
334 1069 364 1108 re
385 1068 434 1108 me
454 1050 591 1108 iuvarent.
635 1047 762 1120 Quintus
783 1049 965 1107 aversissimo
987 1066 1006 1106 a

53 1167 106 1206 me
126 1149 225 1207 animo
240 1149 332 1208 Patris
351 1148 420 1222 suit3
442 1148 547 1206 eodem
567 1147 696 1224 Corcyra
714 1148 789 1208 filius
802 1147 888 1207 verrit.
929 1145 1005 1205 Inde

51 1247 204 1322 profectos
218 1266 270 1308 eos
283 1267 343 1307 una
356 1267 425 1307 cum
439 1249 540 1308 ceteris
555 1250 685 1308 arbitror.

285 1409 333 1465 80.
374 1405 433 1464 An
455 1369 650 1466 arricum
670 1407 724 1467 xr.
746 1409 773 1468 ⁶.

51 1521 291 1582 Scr.Bnuun1sn
313 1543 339 1581 A.
354 1542 383 1582 n.
406 1522 811 1584 1v.KaurunasDucuuuurs
832 1537 948 1600 nunt
974 1526 1001 1589 6.

320 1648 422 1689 nermo
444 1648 549 1690 arrrco
570 1649 630 1689 sau.
653 1649 740 1690 mcrr.

99 1762 124 1803 1.
146 1743 326 1804 Sorrrcrruu
340 1763 404 1804 esse
417 1754 446 1804 te
460 1763 528 1804 cum
542 1746 580 1804 de
594 1747 650 1804 tuis
665 1746 927 1823 communibusque
942 1746 1003 1805 for·

48 1843 141 1912 tunis,
156 1852 218 1901 tum
232 1845 359 1902 maxime
378 1845 415 1902 de
433 1862 481 1902 me
501 1863 535 1902 ac
554 1846 591 1903 de
610 1844 712 1904 dolore
730 1863 799 1904 meo
813 1847 908 1904 sentio
918 1865 926 1917 3
948 1847 999 1921 qui

48 1942 174 2020 quidem
188 1961 271 2001 meus
286 1943 370 2001 dolor
384 1961 445 2001 non
459 1943 551 2002 modo
566 1962 627 2002 non
641 1944 788 2015 minuitur,
803 1962 871 2003 cum
886 1945 999 2002 socium

47 2041 108 2100 sibi
122 2040 254 2116 adiungit
268 2041 399 2100 dolorem
413 2050 505 2112 tuum,
520 2042 573 2100 sed
592 2042 679 2100 etiam
693 2050 822 2116 augetur.
866 2041 998 2100 Omnino

47 2155 107 2216 pro
122 2147 173 2196 tua
188 2139 341 2214 prudentia
360 2140 457 2210 sentis
472 2158 531 2216 qua
549 2139 750 2199 consolatione
764 2139 850 2198 levari
869 2139 997 2197 maxime

46 2237 182 2316 possim;
212 2238 321 2313 probas
346 2239 425 2296 enim
449 2256 547 2296 meum
572 2238 725 2296 consilium
749 2254 899 2313 negasque
926 2235 998 2293 mihi

45 2332 209 2409 quicquam
228 2331 277 2389 tali
298 2341 430 2407 tempore
453 2333 549 2407 potius
573 2331 740 2390 faciendum
763 2331 860 2389 luisse.
902 2329 997 2388 Addis

45 2431 262 2508 etiam-quod
283 2432 337 2490 etsi
357 2431 428 2489 mihi
449 2431 538 2490 levius
561 2441 604 2490 est
628 2449 717 2509 quam
741 2440 824 2490 tuum
847 2429 996 2500 iudicium,

43 2547 151 2590 tamen
171 2547 233 2590 non
253 2539 297 2588 est
317 2531 523 2588 leve-ceteris
543 2547 669 2607 quoque,
693 2529 723 2588 id
745 2539 797 2602 est,
812 2529 862 2606 qui
878 2528 995 2605 pondus

42 2629 188 2699 habeant,
213 2628 322 2686 lactum
349 2637 483 2686 nostrum
510 2629 635 2704 probari.
677 2628 713 2686 Id
740 2629 764 2686 si
789 2629 829 2687 ita
851 2637 994 2703 putarem,
1096 2679 1098 2683 ,

41 2726 140 2786 levius
155 2726 292 2784 dolerem.
334 2724 463 2784 ‘Crede’
485 2726 580 2802 inquis
603 2724 707 2784 ‘mihi'
751 2745 778 2786 a.
800 2725 897 2784 Credo
912 2727 994 2802 equi·

42 2827 127 2895 dem,
142 2825 194 2884 sed
214 2825 283 2896 scio,
298 2843 388 2901 quam
407 2825 508 2900 cupias
527 2825 619 2882 minui
639 2824 770 2883 dolorem
791 2842 898 2882 meum.
942 2823 994 2882 Me

41 2923 216 2982 discessisse
241 2924 279 2981 ab
301 2923 387 2981 armis
409 2907 570 2998 numquam
592 2923 750 2998 paenituit:
775 2915 855 2982 tanta
880 2931 940 2980 erat
962 2921 993 2978 in

40 3023 101 3082 illis
116 3021 277 3094 crudelitas
291 3029 371 3080 tanta
389 3040 456 3080 cum
471 3021 600 3079 barbaris
616 3022 752 3096 gentibus
770 3021 946 3092 coniunctio,
960 3030 993 3078 ut

39 3139 108 3179 non
124 3121 304 3191 nominatim,
316 3119 368 3178 sed
381 3120 541 3194 generatim
552 3119 726 3195 proscriptio
740 3129 817 3179 esset
827 3119 991 3188 informata,

38 3233 75 3280 ut
97 3221 157 3278 iam
178 3220 312 3279 omnium
331 3219 438 3278 iudicio
463 3219 651 3277 constitutum
675 3228 753 3278 esset
773 3221 906 3278 omnium
926 3235 991 3276 ves·
1027 3296 1032 3301 ἱ

37 3331 123 3378 trum
150 3321 229 3378 bona
257 3318 395 3394 praedam
428 3335 492 3377 esse
520 3317 595 3376 illius
623 3318 766 3378 victoriae.
818 3312 991 3378 ‘Vestrum'

38 3419 133 3496 plane
152 3415 237 3491 dico;
258 3435 420 3494 numquam
438 3417 518 3476 enim
537 3415 575 3476 de
592 3426 622 3477 te
635 3417 699 3495 ipso
716 3418 773 3477 nisi
791 3417 998 3480 crudelissime·

487 3533 542 3575 ua
