2452 3842
58 265 168 356 aper]
275 283 388 335 urrsr.
408 284 457 332 an
479 284 644 334 armetur
663 287 713 336 xr.
740 291 790 338 12.
945 270 1006 356 183

272 512 320 569 82.
362 509 420 568 AD
446 509 643 571 ATTICUM
669 511 722 570 XI.
742 532 787 571 12.

92 618 160 679 Sca.
184 618 337 681 Bnuunrsu
358 642 385 680 Α.
401 641 427 680 n.
450 641 512 681 vm.
534 621 604 682 Inus
625 622 764 683 Marrms
785 637 908 698 a.u.c..7
935 637 961 697 7.

380 749 483 791 cicaro
503 749 610 792 arrico
630 750 691 790 sar.

105 863 129 900 1.
151 841 303 902 Cumano
321 845 394 903 milri
411 864 430 904 a
447 855 475 904 te
495 845 603 906 litteras
621 847 746 906 reddidit
765 847 832 906 ad
855 865 913 906 vm.
935 845 1007 904 ldus

55 941 148 1000 Mart.
161 960 289 1018 vespere.
330 943 377 1002 Eo
396 953 494 1002 autem
513 943 560 1004 die
574 963 661 1004 mane
677 945 840 1004 tabellarios
859 945 1006 1015 miseram,

55 1043 166 1119 quibus
186 1041 226 1100 ad
245 1051 273 1099 te
295 1041 433 1102 dederam
455 1041 578 1103 litteras:
599 1044 656 1102 tuis
679 1053 778 1103 tamen
802 1045 883 1103 lectis
907 1044 1007 1102 litteris

54 1139 158 1217 putavi
175 1139 284 1215 aliquid
299 1141 518 1201 rescribendum
537 1160 611 1214 esse,
626 1143 764 1214 maxime,
779 1142 859 1219 quod
878 1141 1008 1201 ostendis

55 1251 89 1299 te
109 1237 237 1314 pendere
256 1239 353 1313 animi,
368 1257 529 1316 quamnam
545 1241 687 1299 rationem
707 1242 762 1300 sim
776 1240 895 1300 Caesari
910 1240 1009 1298 allatu-

54 1356 110 1398 rus
135 1336 322 1412 profectionis
346 1355 429 1396 meae
457 1349 528 1410 tum,
553 1357 621 1397 cum
647 1358 683 1398 ex
708 1339 792 1398 Italia
816 1339 1008 1398 discesserim.

54 1435 143 1496 Nihil
163 1453 239 1512 opus
260 1445 304 1493 est
324 1434 394 1493 mihi
415 1453 491 1494 nova
511 1437 640 1509 ratione;
670 1455 758 1514 saepe
778 1438 857 1495 enim
881 1438 919 1496 ad
940 1455 1009 1501 eum

55 1535 165 1610 scripsi
184 1535 340 1610 multisque
359 1535 496 1594 mandavi
514 1553 563 1595 me
585 1553 646 1594 non
666 1538 805 1612 potuisse,
826 1555 895 1597 cum
914 1538 1010 1614 cupis·

56 1651 137 1703 sem,
165 1650 315 1692 sermones
344 1633 498 1691 hominum
531 1635 682 1706 sustinere,
709 1635 859 1712 multaque
886 1635 917 1693 in
944 1653 1011 1693 earn

55 1731 245 1793 sententiam.
286 1730 367 1789 Nihil
391 1731 470 1790 enim
498 1742 566 1802 erat,
590 1734 792 1808 quodminus
816 1752 884 1791 eum
908 1731 1011 1790 vellem

55 1829 236 1900 existimare,
252 1847 341 1905 quam
356 1847 403 1887 me
417 1839 499 1888 tanta
518 1829 554 1888 de
571 1848 602 1887 re
622 1849 683 1889 non
699 1849 768 1890 meo
787 1830 909 1890 consilio
924 1849 1011 1889 usum
1087 1838 1092 1849 ¹

56 1947 138 1989 esse.
179 1926 353 2003 Posteaque,
378 1945 446 1986 cum
474 1927 545 1986 mihi
572 1928 682 1986 litterae
711 1947 729 1987 a
752 1929 846 1987 Balbo
872 1928 1010 1988 Cornelio

55 2028 178 2087 minore
197 2026 304 2085 missae
325 2035 424 2084 essent
444 2026 525 2084 illum
546 2027 711 2085 existimare
728 2025 872 2098 Quintum
894 2026 1011 2084 fratrem

55 2129 167 2186 lituum
185 2143 269 2183 meae
288 2122 477 2201 profectionis
496 2124 666 2183 luisse—ita
686 2126 766 2183 enim
786 2125 947 2201 scripsit—‚
962 2127 1012 2201 qui

56 2222 198 2283 nondum
218 2239 403 2298 cognossem,
424 2240 499 2299 quae
522 2222 559 2281 de
580 2240 628 2280 me
643 2221 771 2295 Quintus
792 2222 954 2297 scripsisset
975 2222 1013 2281 ad

55 2321 182 2391 multos,
197 2321 250 2380 etsi
264 2320 354 2378 multa
367 2337 507 2396 praesens
526 2320 557 2378 in
573 2329 757 2397 praesentem
778 2321 883 2380 acerbe
902 2319 1013 2379 dixerat

57 2430 92 2478 et
117 2418 232 2491 fecerat,
255 2429 355 2478 tamen
375 2419 466 2477 nihilo
487 2419 584 2477 minus
605 2418 650 2477 his
671 2420 766 2478 verbis
795 2419 833 2478 ad
856 2417 1013 2478 Caesarem

57 2517 184 2594 scripsi:

107 2635 134 2673 2.
157 2614 221 2674 ‘De
236 2614 348 2688 Quinto
369 2613 454 2673 fratre
473 2632 541 2674 meo
559 2633 622 2674 non
640 2615 737 2674 minus
750 2615 854 2674 laboro
869 2633 957 2692 quam
976 2614 1013 2673 de

58 2734 112 2775 me
127 2715 201 2790 ipse,
216 2714 269 2773 sed
283 2732 351 2773 eum
365 2714 416 2773 tibi
430 2715 638 2774 commendare
648 2714 705 2773 hoc
719 2733 787 2773 meo
802 2725 936 2790 tempore
950 2732 1012 2772 nou

57 2813 160 2872 audeo
173 2833 181 2885 ;
203 2813 274 2871 illud
288 2813 438 2872 dumtaxat
451 2822 550 2872 tamen
563 2814 680 2871 audebo
695 2822 794 2893 petere
812 2814 865 2872 abs
878 2821 916 2882 te,
932 2811 1014 2888 quod

57 2929 90 2975 te
107 2933 171 2987 orn,
187 2915 310 2992 nequid
329 2916 476 2974 existimes
494 2916 532 2974 ab
553 2914 602 2974 illo
622 2913 730 2974 iactum
749 2933 822 2986 esse,
838 2932 898 2991 quo
916 2915 1013 2972 minus

58 3032 133 3073 mea
145 3016 177 3072 in
191 3024 220 3073 te
234 3014 330 3073 officia
344 3022 511 3073 constarent
529 3013 662 3072 minusve
680 3023 709 3071 te
727 3012 887 3089 diligerem,
902 3013 1014 3089 potius·

59 3130 123 3190 que
144 3129 260 3188 semper
280 3111 360 3170 illum
378 3121 529 3171 auctorem
549 3121 667 3170 nostrae
688 3111 904 3170 coniunctionis
925 3111 1015 3168 luisse

58 3211 182 3287 meique
203 3211 312 3269 itineris
333 3211 479 3281 comitem,
497 3227 559 3268 non
580 3209 705 3269 ducem:
727 3227 786 3286 qua
805 3228 837 3269 re
859 3210 961 3268 ceteris
982 3209 1013 3266 in

56 3309 151 3368 rebus
165 3317 279 3368 tantum
293 3308 320 3366 ei
336 3308 453 3380 tribues,
468 3318 610 3384 quantum
624 3307 789 3367 humanitas
808 3317 858 3366 tua
874 3307 1015 3366 amicitia·

58 3427 122 3487 que
136 3419 233 3468 vestra
246 3407 390 3485 postulat;
412 3427 470 3485 ego
489 3408 516 3467 ei
534 3407 656 3484 nequid
675 3407 755 3487 apud
773 3417 801 3468 te
821 3407 926 3479 obsim,
941 3406 971 3465 id
985 3415 1015 3464 te

58 3507 251 3567 vehementer
265 3509 352 3567 etiam
367 3516 454 3583 atque
468 3507 555 3567 etiarn
569 3504 661 3584 rogo!
