2452 3842
75 236 116 296 ap.
135 221 203 304 ron]
263 231 376 283 aaran
400 232 449 281 An
470 233 695 282 samaraeus
716 235 766 286 w.
796 239 843 284 12.
954 235 1017 305 215

74 391 183 450 circiter
204 389 276 449 hora
297 390 411 450 decima
432 392 526 450 noctis
541 392 573 450 P.
588 391 762 462 Postumius,
780 392 926 451 familiaris
947 394 1018 461 eius,

73 490 111 547 ad
135 508 182 548 me
203 491 281 548 venit
304 500 333 548 et
356 490 427 547 mihi
449 491 588 549 nuntiavit
611 489 652 548 M.
676 490 855 561 Marcellum,
877 491 1020 566 collegam.

74 598 214 659 nostrum,
229 600 297 664 post
314 607 404 646 cenae
423 598 539 665 tempus
558 607 576 646 a
590 588 622 647 P.
637 587 739 664 Magio
754 589 866 660 Cilone,
881 589 1019 647 familiare

74 688 144 757 eius,
166 686 294 762 pugione
314 704 485 762 percussum
506 705 572 746 esse
592 696 621 746 et
642 688 702 745 duo
721 687 840 745 volnera
862 688 1019 764 accepisse,

74 803 166 843 unum
185 785 216 842 in
237 784 398 854 stomacho
415 785 537 845 alterum
558 786 702 860 incapite
721 785 883 844 secundum
902 805 1021 858 aurem;

74 885 183 961 sperari
194 893 291 942 tamen
302 902 370 942 eum
381 885 475 944 vivere
490 902 577 960 posse
586 905 594 957 ;
610 883 744 960 Magium
755 902 787 944 se
798 885 893 961 ipsum
905 885 1021 943 interfe-

74 984 149 1042 cisse
163 993 283 1060 postea3
306 1001 336 1042 se
351 1001 369 1040 a
383 982 523 1042 Marcello
538 983 575 1040 ad
589 1001 637 1040 me
651 984 773 1042 missum
792 1002 865 1051 esse,
880 985 929 1060 qui
947 984 1020 1043 haec

73 1083 219 1140 nuntiaret
232 1092 261 1140 et
274 1092 398 1159 rogaret,
408 1084 449 1141 uti
460 1075 591 1141 medicos
604 1102 730 1159 cogerem.
766 1082 859 1158 Coegi
870 1093 899 1142 et
909 1102 926 1142 e
936 1085 1021 1142 vesti-

73 1181 125 1256 gio
136 1198 172 1239 eo
184 1199 249 1240 sum
259 1181 406 1258 proiectus
417 1181 512 1257 prima
522 1181 594 1240 luce.
630 1181 705 1240 Cum
716 1200 778 1240 non
789 1183 878 1258 longe
892 1181 1022 1240 aPiraeo

74 1281 220 1350 abessem,
238 1298 311 1356 puer
329 1279 446 1338 Acidini
467 1281 583 1338 obviarn
604 1280 675 1337 mihi
689 1282 767 1339 venit
787 1299 855 1340 cum
875 1281 1022 1351 codicillis,

74 1379 235 1453 inquibus
263 1388 324 1436 erat
351 1378 498 1454 scriptum,
523 1379 611 1454 paulo
638 1388 706 1436 ante
730 1377 826 1437 lucer'n
852 1379 1023 1438 Marcellum

73 1478 155 1536 diem
169 1495 254 1536 suum
270 1477 376 1535 obisse.
418 1477 464 1536 Ita
473 1477 516 1535 vir
530 1478 703 1536 clarissimus
718 1479 756 1535 ab
770 1478 888 1537 homine
908 1479 1024 1538 deterri-

74 1594 129 1633 mo
143 1576 330 1634 acerbissima
343 1585 436 1634 morte
455 1587 500 1634 est
515 1576 655 1648 adiectus,
670 1587 706 1647 et,
723 1577 768 1635 cui
782 1577 891 1636 inimici
905 1589 1025 1654 propter

75 1674 248 1750 dignitatem
267 1684 466 1751 pepercerant,
481 1675 615 1732 inventus
633 1685 678 1732 est
696 1677 815 1747 amicus,
831 1677 880 1753 qui
901 1677 927 1734 ei
946 1695 1025 1734 mor-

74 1784 139 1832 tem
173 1773 297 1831 offerret.
349 1791 375 1847 3.
408 1772 475 1848 Ego
502 1763 618 1831 tamen'
637 1774 675 1831 ad
708 1775 928 1832 tabernaculum
956 1759 1025 1834 eius

75 1872 210 1948 perrexi:
231 1872 329 1931 inveni
344 1872 418 1930 duos
433 1872 549 1930 libertos
564 1881 592 1930 et
607 1871 747 1947 pauculos
762 1891 877 1944 servos;
899 1873 1026 1949 reliquos

75 1970 195 2028 aiebant
208 1970 372 2046 profugisse
386 1981 466 2028 metu
480 1972 655 2046 perterritos,
671 1971 751 2046 quod
768 1971 905 2030 dominus
924 1991 1026 2031 eorum

75 2079 148 2128 ante
175 2069 392 2128 tabernaculum
421 2069 588 2128 interfectus
620 2079 704 2128 esset.
747 2068 874 2128 Coactus
902 2089 967 2129 sum
995 2072 1026 2128 in

76 2167 184 2226 eadem
204 2167 252 2225 illa
270 2167 381 2238 lectica,
397 2184 455 2243 qua
475 2167 539 2244 ipse
560 2168 671 2225 delatus
693 2187 782 2238 eram,
797 2169 928 2244 meisque
948 2169 1027 2226 lecti-

76 2266 164 2324 cariis
187 2267 218 2323 in
239 2266 342 2324 urbem
366 2283 434 2324 eum
456 2267 570 2335 referre,
587 2267 685 2342 ibique
709 2284 763 2343 pro
785 2285 821 2324 ea
843 2267 936 2342 copia,
952 2285 1028 2344 quae

75 2364 205 2423 Athenis
230 2375 298 2434 erat,
323 2364 409 2424 funus
434 2365 461 2422 ei
484 2365 553 2423 satis
578 2364 708 2440 amplum
732 2363 897 2422 faciendum
922 2367 1028 2424 curavi.

76 2465 131 2521 Ab
158 2446 394 2534 Atheniensibus,
422 2463 519 2522 locum
555 2463 718 2538 sepulturae
752 2463 827 2520 intra
859 2464 961 2521 urbem
996 2472 1034 2522 ut·

77 2565 194 2631 darent,
215 2563 368 2638 impetrare
390 2579 451 2620 non
472 2562 562 2637 potui,
584 2561 664 2637 quod
685 2561 824 2636 religione
845 2580 876 2620 se
897 2560 1029 2637 impediri

77 2663 226 2730 dicerent3
256 2678 351 2736 neque
372 2671 470 2718 tamen
490 2659 520 2716 id
542 2669 628 2718 antea
649 2659 784 2736 cuiquam
805 2670 1029 2718 concesserant:

76 2760 163 2838 quod
181 2760 347 2836 proximum
365 2758 427 2828 luit,
444 2759 483 2815 uti
505 2758 534 2814 in
553 2776 613 2834 quo
627 2758 766 2816 vellemus
786 2759 940 2834 gymnasio
961 2777 1028 2817 eum

76 2859 280 2937 sepeliremus,
295 2860 382 2917 nobis
395 2859 596 2933 permiserunt.
639 2856 704 2915 Nos
719 2859 749 2914 in
768 2858 951 2917 nobilissimo
965 2860 1030 2917 orbi

76 2972 224 3018 terrarum
248 2958 401 3033 gymnasio
423 2955 599 3014 Academiae
624 2955 723 3013 locum
747 2954 907 3032 delegimus
932 2958 1030 3034 ibique

76 3075 152 3118 eum
173 3056 397 3126 combussimus,
413 3064 573 3130 posteaque
595 3055 766 3124 curavimus,
780 3064 812 3112 ut
830 3055 925 3113 eidem
939 3057 1030 3113 Athe-

75 3158 200 3216 nienses
228 3153 258 3211 in
290 3153 395 3212 eodem
425 3153 492 3210 loco
525 3162 749 3210 monumentum
778 3153 804 3210 ei
834 3171 1030 3211 marmoreum

75 3251 250 3315 faciendum
265 3251 402 3310 locarent.
444 3251 497 3320 Ita,
512 3268 587 3326 quae
606 3261 706 3309 nostra
725 3251 820 3309 officia
839 3251 961 3322 luerunt,
976 3269 1030 3326 pro

77 3351 211 3426 collegio
233 3361 261 3409 et
274 3368 328 3426 pro
347 3350 563 3426 propinquitate
582 3360 610 3408 et
624 3351 689 3408 vivo
708 3359 737 3409 et
750 3360 867 3408 mortuo
886 3352 985 3408 omnia
1005 3351 1033 3406 ei

76 3449 290 3530 praestitimus.
332 3443 413 3508 Vale.
456 3449 493 3508 D.
509 3467 551 3526 pr.
567 3448 631 3506 Kal.
647 3449 713 3508 lun.
755 3448 887 3508 Athenis.
