2436 3836
34 219 87 280 Ep.
105 205 175 289 237]
235 212 419 270 ansano
440 220 665 269 ranraranns
684 223 733 272 xr.
762 226 808 272 10.
929 207 992 291 265

34 370 190 445 temporis
210 369 359 429 videantur
379 371 436 430 dici
456 389 552 442 causa,
572 372 658 430 malle
678 391 726 431 me
750 382 833 432 tuum
853 371 992 431 iudicium

36 485 139 543 quam
160 485 196 526 ex
217 469 305 528 altera
325 478 407 546 parte
427 470 559 528 omniurn
577 471 715 529 istorum:
737 481 768 528 tu
788 471 866 528 enim
880 488 898 528 a
912 478 992 528 certo

37 585 138 625 sensu
166 576 195 624 et
218 585 286 625 vero
311 567 421 626 iudicas
446 569 482 626 de
505 569 607 639 nobis;
640 569 720 644 quod
743 569 790 627 isti
815 587 852 627 ne
875 567 991 638 faciant,

37 683 166 722 summa
183 666 383 724 malevolentia
403 675 432 723 et
452 665 540 724 livore
562 667 764 742 impediuntur.
806 664 993 742 interpellent

36 781 102 833 me,
120 781 181 839 quo
202 765 299 822 minus
319 764 478 824 honoratus
499 765 563 835 sim,
578 765 649 823 dum
668 783 706 824 ne
726 765 916 841 interpellent,
932 780 991 840 quo

36 861 145 918 minus
170 862 353 938 respublica
377 880 395 920 a
417 880 464 920 me
489 861 643 921 commode
666 863 857 922 administrari
881 862 991 938 possit;

37 978 124 1036 quae
153 969 262 1036 quanto
291 961 382 1018 sitin
410 959 546 1036 periculo,
575 979 663 1037 quam
692 972 795 1036 potero
823 961 991 1022 brevissime

37 1075 205 1134 exponam.
251 1077 276 1117 2.
298 1058 426 1117 Primum
441 1059 730 1135 omnium,quantam
745 1061 991 1135 perturbationem

38 1174 145 1214 rerum
168 1158 343 1215 urbanarum
366 1156 476 1216 adferat
499 1156 595 1215 obitus
618 1158 770 1216 consulum
795 1168 991 1235 quantamque

39 1254 236 1330 cupiditatem
250 1256 415 1315 hominibus
429 1255 535 1316 iniiciat
549 1256 684 1327 vacuitas,
694 1275 754 1315 non
768 1268 795 1316 te
810 1256 899 1332 sugit:
923 1255 990 1313 satis

39 1371 96 1411 rne
126 1354 216 1411 multa
244 1355 401 1430 scripsisse,
425 1373 499 1430 quae
521 1354 620 1413 litteris
643 1356 842 1414 commendari
869 1354 991 1431 possint,

41 1447 189 1519 arbitror3
212 1448 273 1506 scio
294 1450 381 1520 enim,
403 1450 448 1507 cui
470 1447 608 1507 scribam
646 1469 673 1524 3.
696 1449 836 1508 Revertor
855 1467 934 1507 nunc
955 1446 993 1504 ad

42 1547 220 1616 Antonium,
243 1548 292 1624 qui
317 1566 353 1606 ex
375 1547 445 1623 fuga
466 1566 534 1606 cum
554 1548 702 1624 parvulam
723 1567 842 1608 manum
864 1547 993 1625 peditum

42 1645 168 1702 haberet
195 1645 357 1716 inermium,
386 1646 531 1722 ergastula
558 1646 698 1705 solvendo
725 1665 872 1723 omneque
899 1661 993 1722 genus

44 1740 203 1798 hominurn
231 1739 400 1816 adripiendo
429 1742 498 1800 satis
531 1759 672 1816 magnum
701 1760 854 1801 numerum
882 1741 993 1800 videtur

44 1837 196 1908 effecisse3
218 1837 275 1896 huc
293 1839 413 1898 accessit
432 1857 536 1898 manus
550 1839 685 1910 Ventidii,
701 1858 776 1915 quae
796 1849 875 1899 trans
894 1840 993 1916 Apen-

45 1937 152 1993 ninum
166 1937 265 1995 itinere
279 1937 356 1996 sacto
370 1937 535 1996 difficillimo
549 1937 587 1996 ad
601 1936 686 1995 Vada
704 1939 833 2014 pervenit
852 1948 938 2013 atque
953 1937 993 1994 ibi

47 2053 81 2094 se
105 2052 173 2092 cum
201 2036 331 2094 Antonio
355 2036 511 2094 coniunxit.
554 2035 607 2094 Est
631 2054 768 2095 numerus
791 2045 993 2094 veteranorum

47 2143 78 2192 et
96 2141 272 2192 armatorum
294 2135 361 2193 satis
382 2133 518 2210 frequens
539 2151 607 2192 cum
621 2133 770 2192 Ventidio
813 2153 841 2205 4.
864 2131 993 2222 ¹Consilia

47 2232 173 2291 Antonii
196 2231 267 2291 haec
289 2233 346 2291 sint
373 2251 493 2291 necesse
517 2242 577 2291 est:
610 2242 659 2290 aut
683 2232 721 2290 ad
742 2232 886 2308 Lepidum
908 2241 940 2290 ut
960 2249 992 2290 se

48 2329 189 2399 conferat,
202 2331 225 2389 si
239 2331 390 2407 recipitur,
412 2341 460 2389 aut
470 2329 649 2407 Appennino
661 2331 841 2407 Alpibusque
853 2348 884 2389 se
895 2337 993 2388 teneat

48 2441 79 2488 et
95 2428 312 2488 decursionibus
326 2447 379 2504 per
397 2428 517 2505 equites,
533 2446 607 2504 quos
621 2428 709 2486 habet
722 2429 839 2498 multos,
854 2438 944 2487 vastet
958 2445 993 2486 ea

48 2528 123 2596 loca,
139 2526 169 2583 in
183 2544 257 2602 quae
272 2527 441 2586 incurrerit:
463 2536 512 2585 aut
525 2545 623 2584 rursus
633 2545 665 2585 se
677 2528 708 2584 in
722 2526 867 2586 Etruriam
880 2524 992 2595 reserat,

49 2624 132 2703 quod
159 2643 195 2683 ea
221 2643 288 2700 pars
316 2625 415 2684 Italiae
443 2625 504 2684 sine
533 2626 659 2684 exercitu
682 2636 734 2685 est.
777 2624 869 2697 Quod
894 2627 917 2684 si
945 2643 993 2683 me

49 2725 160 2784 Caesar
180 2723 307 2782 audisset
328 2733 414 2800 atque
436 2723 647 2800 Appenninum
667 2725 824 2794 transisset,
847 2723 878 2781 in
898 2732 993 2782 tantas

48 2822 199 2898 angustias
212 2822 373 2880 Antonium
393 2820 608 2899 compulissem,
619 2831 650 2879 ut
669 2821 768 2898 inopia
788 2822 885 2898 potius
904 2840 994 2898 quam

49 2925 127 2984 lerro
146 2921 341 2980 conficeretur.
384 2919 444 2978 Sed
471 2937 567 2995 neque
589 2919 707 2978 Caesari
734 2920 869 2996 imperari
896 2931 994 2997 potest

49 3041 107 3081 nec
121 3019 228 3080 Caesar
242 3018 378 3078 exercitui
398 3036 471 3089 su03
493 3018 573 3095 quod
590 3027 745 3094 utrumque
763 3019 924 3094 pessimum
939 3033 990 3079 est.

50 3123 128 3182 Cum
147 3117 219 3176 haec
237 3118 305 3177 talia
323 3118 388 3188 sint,
403 3134 462 3193 quo
483 3117 588 3186 minus,
603 3115 684 3191 quod
705 3115 743 3174 ad
763 3134 811 3174 me
831 3118 993 3193 pertinebit,

49 3219 182 3280 homines
196 3215 387 3292 interpellent,
401 3224 433 3272 ut
447 3231 534 3290 supra
548 3214 658 3290 scripsi,
674 3231 735 3272 non
750 3214 879 3290 impedio
891 3235 899 3289 ;
921 3217 994 3275 haec

50 3315 189 3397 quemad
209 3315 331 3372 modum
349 3311 484 3389 explicari
502 3312 616 3387 possint
635 3321 692 3382 aut,
707 3330 725 3370 a
739 3321 767 3371 te
782 3330 850 3372 cum
868 3313 994 3388 explica-

50 3418 164 3485 buntur,
179 3431 217 3472 ne
238 3410 431 3488 impediantur
451 3411 548 3468 timeo
592 3423 618 3483 5.
641 3409 726 3469 Alere
741 3411 799 3470 iam
813 3410 919 3468 milites
933 3425 995 3466 non
