2452 3842
64 291 103 351 ap.
118 269 172 360 90]
261 283 374 332 eamr.
396 283 446 331 Ab
467 283 690 331 FAMILIARES
711 285 758 337 ιν.
777 288 810 350 4.
936 291 995 357 193

62 446 141 504 Haec
168 444 219 503 tibi
246 452 331 502 antea
355 461 415 502 non
442 443 583 517 rescripsi,
605 460 667 500 non
691 460 750 518 quo
775 451 902 501 cessator
931 461 995 502 esse

61 545 186 614 solerem,
207 542 373 617 praesertim
396 542 427 598 in
448 541 556 610 litteris
579 541 639 611 sed,
663 559 730 600 cum
758 541 898 616 explorati
925 541 995 600 nihil

60 644 201 707 haberem,
216 659 272 700 nec
290 641 342 698 tibi
361 639 582 699 sollicitudinem
600 659 637 698 ex
656 641 835 699 dubitatione
854 658 921 697 mea
939 659 995 699 nec

59 760 140 819 spem
162 759 198 800 ex
226 739 426 799 adfirmatione
454 738 565 797 adferre
587 739 673 796 volui.
716 737 791 796 Illud
819 748 916 797 tamen
944 739 995 796 ad-

58 841 189 911 scribam,
204 838 284 915 quod
303 848 346 896 est
364 837 552 908 verissimum,
566 855 614 894 me
635 836 679 894 his
700 837 879 913 temporibus
899 836 994 896 adhuc

56 941 95 998 de
113 940 168 996 isto
187 938 314 1014 periculo
330 937 400 994 nihil
419 936 550 995 audisse:
573 945 604 994 tu
622 947 721 994 tamen
740 953 793 1011 pro
811 944 861 992 tua
879 937 993 1010 sapien-

54 1041 96 1097 tia
127 1037 245 1096 debebis
273 1046 373 1112 optare
403 1035 524 1111 optima,
553 1035 680 1110 cogitare
715 1035 887 1106 difficillima,
920 1033 993 1092 ferre

53 1154 255 1214 quaecumque
270 1144 360 1193 erunt.

258 1295 305 1350 90.
348 1289 404 1348 ΑΙ)
425 1288 675 1349 FAMILIARES
697 1288 750 1348 IV.
772 1309 798 1362 4.

105 1409 171 1467 Scn.
192 1406 301 1468 Rounu
321 1424 454 1465 uxuunru
475 1424 568 1464 uunsu
590 1405 755 1465 Suruuuunr
776 1425 858 1468 nuc.
883 1410 948 1482 708.

281 1533 311 1572 u.
333 1531 435 1572 cronno
456 1531 478 1571 s.
500 1532 527 1572 n.
549 1532 610 1572 sun.
630 1533 767 1574 suuncro.

98 1650 123 1688 1.
145 1631 264 1690 Accnuo
278 1631 495 1688 excusationem
508 1639 595 1701 tuam,
608 1649 665 1706 qua
679 1649 748 1689 usus
762 1649 803 1701 eS,
815 1649 865 1689 cur
880 1629 994 1706 saepius

46 1732 91 1790 ad
119 1747 167 1787 me
194 1729 299 1787 litteras
328 1747 388 1787 uno
412 1729 547 1804 exemplo
576 1730 714 1800 dedisses,
741 1730 792 1789 sed
820 1730 932 1804 accipio
957 1747 993 1787 ex

45 1849 86 1890 ea
108 1836 198 1903 parte,
220 1837 361 1904 quatenus
386 1836 436 1884 aut
456 1826 639 1903 neglegentia
663 1838 711 1886 aut
736 1828 919 1905 improbitate
943 1845 993 1887 eo-

43 1946 126 1996 rum,
155 1927 205 2002 qui
232 1926 368 2002 epistolas
396 1925 547 2001 accipiant,
576 1923 636 1984 fie'ri
670 1927 770 1985 scribis
803 1946 841 1984 ne
869 1925 906 1984 ad
936 1944 992 1984 nos

41 2025 250 2105 perferantur:
279 2025 356 2088 illam
385 2034 496 2099 partem
524 2026 726 2095 excusationis,
751 2043 810 2100 qua
837 2034 865 2083 te
894 2025 994 2083 scribis

40 2125 190 2186 orationis
215 2124 473 2200 paupertate—sic
499 2124 576 2182 enim
605 2123 875 2200 appellas—isdem
898 2123 992 2181 verbis

38 2222 190 2302 epistolas
209 2223 323 2298 saepius
343 2223 464 2294 mittere,
485 2241 540 2280 nec
559 2240 651 2280 nosco
670 2241 725 2281 nec
744 2223 858 2298 probo;
888 2231 916 2279 et
935 2238 992 2295 ego

36 2327 122 2400 ipse,
144 2339 232 2396 quem
260 2329 291 2378 tu
318 2339 369 2396 per
396 2321 584 2380 iocum-sic
614 2323 692 2380 enim
720 2319 992 2397 accipio—divitias

36 2420 191 2482 orationis
210 2419 316 2476 habere
333 2419 414 2490 dicis,
432 2438 479 2478 me
499 2438 560 2478 non
578 2438 642 2478 esse
661 2420 814 2478 verborum
833 2417 992 2476 admodum

34 2525 171 2594 inopem
200 2535 345 2592 agnosco:
382 2519 559 2591 εἰρωνεύεσθαι
586 2519 664 2576 enim
692 2536 754 2577 non
781 2536 900 2576 necesse
929 2522 991 2574 est:

33 2618 100 2680 sed
121 2626 221 2675 tamen
241 2617 413 2674 idem—nec
432 2616 488 2674 hoc
507 2617 820 2691 ‹ipavevdpevos-sacile
839 2616 913 2674 cedo
929 2625 992 2674 tuo·

31 2734 113 2776 rum
143 2715 316 2790 scriptorum
342 2715 488 2774 subtilitati
513 2725 541 2772 et
569 2715 736 2791 elegantiae.
781 2734 807 2772 a.
830 2712 991 2772 Consilium

29 2825 140 2881 tuum,
156 2829 216 2886 quo
235 2821 262 2870 te
281 2831 367 2870 usum
387 2812 487 2871 scribis
506 2811 563 2870 hoc
578 2812 739 2871 Achaicum
760 2811 911 2887 negotium
930 2830 991 2870 non

26 2910 235 2979 recusavisse,
257 2928 325 2967 cum
346 2928 460 2986 semper
478 2911 684 2985 probavissem,
706 2918 768 2967 tum
787 2910 878 2967 multo
898 2911 991 2984 magis

25 3008 170 3089 probavi
186 3007 267 3065 lectis
286 3009 341 3065 tuis
361 3008 498 3084 proximis
518 3007 633 3080 litteris;
655 3025 758 3066 omnes
779 3008 858 3065 enim
877 3025 990 3077 causae,

23 3124 120 3184 quas
145 3123 368 3175 commemoras,
392 3106 563 3164 iustissimae
588 3115 655 3164 sunt
682 3115 788 3181 tuaque
812 3115 841 3164 et
869 3107 990 3164 auctori-

22 3215 102 3268 tate
120 3213 150 3261 et
166 3204 319 3279 prudentia
337 3203 532 3279 dignissimae.
574 3203 664 3274 Quod
681 3203 762 3262 aliter
776 3203 914 3262 cecidisse
929 3222 990 3262 rem

17 3299 196 3362 existimas
217 3308 302 3374 atque
324 3299 459 3373 opinatus
481 3297 528 3366 sis,
547 3296 577 3354 id
598 3298 648 3355 tibi
669 3297 748 3356 nullo
772 3298 863 3356 modo
884 3297 989 3355 adsen-

14 3401 116 3468 ti0r3
149 3396 203 3454 sed
227 3398 293 3472 quia
317 3406 398 3454 tanta
421 3395 595 3472 perturbatio
616 3405 644 3453 et
666 3395 799 3454 confusio
821 3407 864 3454 est
885 3413 988 3465 rerum,

12 3504 77 3560 ita
106 3494 244 3570 perculsa
267 3505 296 3554 et
318 3504 460 3570 prostrata
481 3492 650 3552 foedissimo
670 3493 746 3553 bello
767 3496 861 3553 iacent
882 3494 989 3564 omnia,

509 3609 528 3650 o
