2452 3842
59 224 107 284 Ep.
121 233 174 288 107,
188 203 257 296 108.]
283 219 395 274 rrrsr.
411 221 461 269 AD
482 221 650 272 Arrrcurr
669 225 741 275 mv.
768 227 818 272 12.
951 227 1013 293 223

57 371 219 446 recipiam3
242 370 370 447 postulat
380 371 460 430 enim
474 371 532 430 hoc
545 371 657 430 Hirtius
671 382 703 430 ut
717 372 831 431 faciam.
875 385 902 445 5.
924 371 1014 447 Rogo

58 485 116 527 vos
144 487 233 544 quam
261 470 388 546 primum
421 470 491 528 mihi
519 471 793 529 rescribatis-nam
820 488 883 529 non
911 471 1013 530 dubito

58 567 136 642 quin
150 566 187 624 de
207 566 252 625 his
267 569 354 626 rebus
368 579 436 627 ante
457 568 559 626 horam
574 579 706 644 quartam
726 569 840 627 Hirtius
860 569 1013 628 certiorem

57 683 111 722 me
137 665 173 723 sit
193 665 369 740 facturus-;
392 685 480 742 quem
501 668 531 725 in
559 667 656 726 locum
679 667 834 726 convenire
855 667 1013 743 possimus,

58 781 123 839 quo
138 782 186 821 me
200 761 291 822 velitis
310 765 415 830 venire,
430 766 586 824 rescribite.
629 764 700 823 Post
721 765 912 823 novissimum
927 763 1014 824 Hirtii

57 880 230 920 sermonem
256 859 394 938 placitum
419 874 463 922 est
485 863 555 922 mihi
580 864 728 939 postulare
750 873 782 922 ut
805 865 905 923 liceret
926 863 1014 923 nobis

58 961 179 1020 Romae
189 979 253 1019 esse
263 962 381 1038 publico
390 963 547 1039 praesidio:
564 963 644 1039 quod
653 963 716 1022 illos
725 963 811 1020 nobis
820 980 1013 1022 concessuros

56 1076 125 1116 non
140 1069 211 1134 puto
217 1079 227 1132 ,·
251 1044 391 1134 magnam
404 1061 482 1118 enim
497 1062 635 1120 invidiam
644 1061 678 1119 iis
691 1061 838 1120 faciemus.
876 1061 957 1119 Nihil
971 1069 1013 1119 ta-

57 1175 133 1215 men
141 1175 202 1216 non
213 1158 420 1234 postulandum
431 1160 538 1236 putavi,
544 1159 624 1236 quod
635 1178 762 1236 aequum
773 1177 837 1218 esse
847 1170 1011 1218 statuerem.

260 1318 326 1372 108.
368 1315 425 1373 AD
446 1315 642 1375 ATTICUM
664 1315 748 1374 XIV.
774 1335 820 1375 12.

94 1427 163 1486 Seu.
183 1427 331 1489 Puraotrs
353 1450 381 1490 A.
403 1451 430 1490 n.
453 1452 481 1490 x.
503 1432 665 1491 Karmalas
686 1431 785 1490 Maras
805 1450 889 1492 auc.
914 1445 981 1506 710.

380 1557 483 1598 crcnno
505 1557 611 1598 Arrrco
632 1556 693 1598 san.

105 1667 131 1707 1.
153 1649 181 1708 Ο
204 1670 238 1709 m
260 1652 365 1724 Attice,
389 1673 490 1713 vereor
517 1674 554 1713 ne
577 1655 663 1714 nobis
690 1654 762 1713 Idus
790 1653 914 1713 Martiae
941 1653 1013 1712 nihil

55 1748 194 1807 dederint
218 1763 331 1825 praeter
359 1752 497 1811 laetitiam
526 1763 556 1811 et
583 1753 641 1812 odii
669 1771 798 1829 poenam
831 1772 865 1812 ac
894 1752 1011 1812 doloris.

55 1846 148 1918 Quae
168 1847 238 1905 mihi
258 1849 335 1908 istim
350 1851 538 1910 adferuntur?
560 1870 635 1927 quae
656 1850 702 1909 hic
723 1851 831 1910 video?
852 1853 873 1905 l>
893 1854 1011 1925 πράξεως

54 1949 139 2016 καλῆς
152 1949 206 2018 μέν,
221 1947 329 2006 ἀτελοῦς
343 1952 373 2005 δέ
380 1954 394 2006 Ι
422 1949 495 2020 scis,
510 1969 599 2027 quam
614 1949 733 2024 diligam
749 1949 861 2008 Siculos
876 1960 904 2008 et
919 1967 1009 2024 quam

54 2043 139 2103 illam
162 2044 325 2105 clientelam
347 2048 503 2107 honestam
527 2049 669 2107 iudicem:
700 2048 791 2106 multa
815 2047 868 2106 illis
891 2047 1009 2117 Caesar,

53 2161 156 2218 neque
178 2162 226 2201 me
249 2147 347 2216 invit0‚
363 2148 418 2206 etsi
439 2147 581 2205 Latinitas
602 2157 663 2206 crat
684 2164 745 2204 non
766 2145 894 2216 ferenda,
909 2162 1009 2202 verum

53 2252 208 2304 tamen-.
252 2245 329 2304 Ecce
345 2255 442 2304 autem
457 2245 604 2303 Antonius
618 2254 739 2321 accepta
760 2244 864 2319 grandi
884 2243 1010 2320 pecunia

53 2340 122 2397 fixit
143 2340 239 2416 legem
264 2364 281 2403 a
304 2345 445 2402 dictatore
470 2344 593 2402 comitiis
617 2343 714 2413 latam,
736 2360 794 2417 qua
818 2341 907 2400 Siculi
929 2341 1007 2398 cives

53 2437 207 2512 Romani;
229 2442 311 2500 cuius
325 2443 366 2499 rei
380 2441 445 2499 vivo
462 2442 511 2500 illo
526 2441 637 2499 mentio
652 2441 739 2499 nulla.
782 2439 863 2512 Quid
871 2440 888 2529 i·
916 2423 1007 2496 Deid-

52 2537 112 2595 tari
133 2540 223 2598 nostri
244 2559 332 2600 causa
352 2559 413 2600 non
435 2541 554 2600 similis?
582 2540 698 2617 Dignus
719 2540 766 2598 ille
786 2538 904 2615 quidem
924 2538 1005 2596 omni

52 2653 162 2710 regn0,
178 2638 230 2697 sed
251 2658 312 2698 non
333 2658 386 2716 per
399 2639 538 2698 Fulviam.
582 2640 721 2698 Sescenta
742 2637 852 2696 similia.
895 2637 1007 2695 Verum

51 2734 126 2792 illuc
146 2735 258 2796 refero:
287 2748 348 2797 tam
371 2738 479 2796 claram
504 2749 621 2813 tamque
649 2745 782 2796 testatam
802 2754 864 2792 rem
889 2744 1007 2810 tamque

52 2837 172 2906 iustam,
195 2836 385 2908 Buthrotiam,
407 2855 468 2895 non
496 2838 658 2895 tenebimus
680 2836 775 2911 aliqua
796 2853 832 2892 ex
854 2834 957 2910 parte?
979 2842 1007 2892 et

53 2954 95 2996 eo
125 2935 244 3014 quidem
273 2938 377 3013 magis,
401 2954 460 3012 quo
488 2937 542 2994 iste
571 2936 674 3010 plura?
718 2954 745 2993 a.
767 2934 931 2992 Nobiscum
954 2932 1005 3019 hic

52 3035 270 3114 perhonorifice
293 3045 321 3094 et
343 3036 436 3094 amice
455 3035 601 3105 OctaviuS,
616 3052 705 3109 quem
726 3033 845 3110 quidem
866 3033 910 3090 sui
932 3030 1007 3090 Cae-

54 3151 155 3194 sarem
177 3133 349 3207 salutabant,
365 3133 515 3209 Philippus
536 3149 598 3190 non
617 3135 687 3201 rtem,
702 3131 799 3206 itaque
816 3149 853 3188 ne
873 3148 928 3188 nos
943 3129 1006 3204 qui-

53 3233 130 3292 dem·
139 3251 147 3303 ;
174 3251 262 3308 quem
276 3249 354 3308 nego
369 3250 457 3308 posse
472 3250 525 3288 esre
543 3232 654 3288 bonum
669 3230 779 3288 civem:
803 3229 842 3288 ita
856 3229 937 3286 multi
952 3228 1006 3286 cir·

53 3337 214 3401 cumstant,
228 3330 277 3406 qui
292 3330 411 3405 quidem
426 3329 531 3387 nostris
551 3338 675 3385 mortem
689 3327 865 3385 minitantur.
908 3325 1006 3401 Negat

54 3431 134 3489 haec
147 3426 214 3486 ferri
229 3447 324 3506 posse.
362 3427 441 3499 Quid
456 3445 567 3498 censes,
577 3443 644 3485 cum
660 3425 787 3484 Romam
802 3443 873 3501 puer
888 3423 1007 3493 venerit,
