2436 3836
201 183 264 248 260
478 193 518 243 u.
544 191 665 241 ruram
685 190 877 241 crcnnonrs
1043 179 1137 261 [rasi.
1196 213 1197 222 κ

195 348 343 426 explorate
363 345 490 406 iudicare
508 344 660 404 volumus:
682 342 812 418 legiones
831 342 933 402 habeo
949 341 1139 419 quinquesub

196 447 286 524 signis
299 455 329 504 et
351 463 404 504 sua
422 445 480 503 fide
498 445 659 519 virtuteque
680 443 721 501 rei
740 441 873 518 publicae
889 441 1140 499 coniunctissimas

195 555 225 602 et
245 553 345 604 nostra
364 542 531 601 liberalitate
552 541 638 600 nobis
659 541 861 614 obsequentes,
875 540 1074 614 provinciam
1092 555 1141 596 on-

195 641 276 698 nium
298 641 453 701 civitatium
474 657 621 699 consensu
641 638 855 715 paratissimam
878 645 911 694 et
935 655 1067 696 summa
1086 653 1142 694 con·

195 739 324 798 tentione
351 739 391 798 ad
417 737 511 798 officia
540 747 707 808 certantem,
736 736 883 812 equitatus
910 737 1143 811 auxiliorumque

194 847 290 898 tantas
303 839 412 915 copias,
428 847 552 913 quantas
570 837 625 895 hae
644 845 747 910 gentes
764 835 803 893 ad
820 833 1055 894 defendendam
1076 851 1144 894 suam

196 937 317 995 salutem
346 936 563 1011 libertatemque
585 935 728 994 conficere
755 943 898 1010 possunt;
931 935 1005 1010 ipse
1030 937 1074 994 ita
1092 951 1145 992 sun

197 1035 295 1094 animo
316 1043 441 1111 paratus,
462 1041 495 1092 ut
512 1035 557 1092 vel
579 1034 757 1110 provinciam
778 1033 850 1090 tueri
871 1031 918 1090 vel
942 1034 1002 1105 ire,
1027 1051 1091 1110 quo
1109 1050 1145 1090 res

196 1132 311 1209 publica
331 1143 424 1203 vocet,
438 1132 483 1190 vel
505 1133 616 1192 tradere
637 1132 802 1201 exercitum,
821 1132 929 1190 auxilia
949 1134 1146 1207 provinciam·

195 1249 253 1306 que
280 1231 326 1289 vel
352 1249 472 1290 omnem
495 1231 637 1306 impeturn
662 1230 729 1288 belli
756 1230 787 1287 in
815 1247 862 1287 me
886 1242 1072 1290 convertere
1095 1247 1146 1288 non

196 1349 336 1402 recusem,
352 1331 376 1390 si
392 1329 482 1388 modo
501 1348 569 1388 meo
591 1347 662 1388 casu
681 1340 730 1388 aut
748 1329 919 1388 confirmare
939 1333 1063 1406 patriae
1081 1329 1146 1388 salu-

197 1440 257 1488 tem
274 1439 323 1488 aut
341 1428 500 1506 periculum
520 1429 632 1504 possim
652 1430 768 1486 morari.
810 1443 836 1503 7.
858 1428 945 1487 Haec
966 1431 996 1488 si
1020 1432 1085 1489 iam
1104 1445 1146 1487 ex·

197 1525 301 1602 peditis
322 1529 458 1587 omnibus
478 1529 563 1586 rebus
585 1526 798 1603 tranquilloque
819 1536 896 1586 statu
914 1527 1049 1587 civitatis
1072 1525 1148 1604 polli-

197 1641 274 1690 ceor,
289 1624 319 1681 in
333 1624 441 1684 damrm
455 1644 539 1684 meae
555 1625 648 1684 laudis
659 1625 711 1683 -rei
729 1625 860 1701 publicae
879 1627 1052 1686 commodo
1066 1627 1147 1684 laeta·

196 1724 266 1793 bor;
293 1723 338 1780 sin
362 1723 400 1782 ad
428 1725 596 1783 societatem
620 1723 871 1800 integerrimorum
895 1733 923 1782 et
946 1727 1148 1784 maximorum

197 1820 391 1898 periculorum
415 1822 561 1894 accedam,
583 1823 704 1882 consilia
725 1842 791 1883 mea
812 1823 912 1900 aequis
938 1824 1095 1882 iudicibus
1115 1818 1147 1877 ab

198 1920 406 1980 obtrectatione
434 1919 598 1980 invidorum
627 1923 810 1982 defendenda
837 1922 1030 1982 commendo.
1077 1919 1148 1979 Mihi

198 2019 316 2096 quidem
337 2019 393 2096 ipsi
419 2019 528 2079 fructus
551 2022 721 2080 meritorum
741 2039 874 2080 meorum
893 2021 925 2079 in
946 2022 987 2079 rei
1011 2022 1146 2098 publicae

198 2118 394 2177 incolumitate
422 2120 490 2178 satis
518 2138 642 2196 magnus
670 2131 714 2180 est
741 2131 857 2198 paratus
869 2141 878 2193 ;
914 2137 967 2179 eos
991 2139 1079 2192 vero,
1103 2118 1147 2196 qui

197 2235 294 2276 meam
311 2218 561 2277 auctoritatem-et
582 2219 674 2277 multo
693 2221 787 2296 magis
806 2229 930 2278 vestram
944 2218 1041 2278 fidem
1059 2216 1147 2278 secuti

198 2333 253 2374 nec
273 2314 331 2374 ulla
352 2333 403 2391 spe
424 2315 517 2393 decipi
538 2335 593 2376 nec
614 2318 673 2376 ullo
695 2329 775 2377 metu
795 2319 893 2377 terreri
920 2327 1096 2393 potuecunt,
1120 2324 1148 2372 ut

199 2413 420 2474 commendatos
434 2415 516 2474 vobis
530 2415 670 2486 habeatis,
685 2417 845 2493 petendum
858 2416 979 2477 videtur.

392 2575 457 2631 133.
499 2572 555 2630 ΑΙ)
577 2572 827 2632 FAMILIARES
849 2574 887 2632 X.
911 2593 956 2633 10.

316 2688 380 2749 Scn.
402 2689 512 2749 Roman
533 2708 573 2748 111.
596 2689 673 2749 Kan.
695 2691 822 2750 Auernas
844 2711 926 2751 sne.
949 2705 1021 2765 711.

550 2815 652 2856 cronno
673 2817 792 2858 russeo.

244 2924 268 2962 1.
290 2903 362 2964 Ersr
386 2907 454 2965 satis
478 2925 515 2966 ex
539 2905 648 2966 Furnio
671 2917 772 2968 nostro
793 2927 963 2985 cognoram,
989 2929 1072 2987 quae
1100 2924 1148 2972 tua

200 3004 342 3076 voluntas,
356 3004 437 3080 quod
458 3007 611 3064 consilium
633 3005 670 3064 de
686 3026 717 3066 re
737 3008 851 3082 publica
867 3018 950 3078 esset,
965 3018 1070 3070 tamen
1093 3015 1146 3072 tuis

200 3097 299 3158 litteris
320 3097 400 3158 lectis
418 3098 553 3175 liquidius
569 3100 604 3158 de
624 3109 686 3160 toto
705 3120 792 3160 sensu
805 3111 855 3160 tuo
869 3102 999 3161 iudicavi.
1045 3106 1147 3179 Quam

200 3199 240 3258 ob
268 3215 337 3268 rem,
363 3215 539 3275 quamquam
563 3200 593 3256 in
615 3219 675 3258 uno
700 3201 810 3276 proelio
837 3201 932 3260 omnis
959 3201 1081 3264 fortuna
1108 3207 1146 3266 rei

200 3296 333 3373 publicae
354 3295 615 3370 disceptat-quod
634 3298 759 3371 quidem,
774 3316 841 3356 cum
857 3298 929 3358 haec
947 3299 1072 3376 legeres,
1089 3307 1146 3363 iam

201 3389 349 3450 decretum
363 3386 519 3442 arbitrabar
532 3387 643 3452 sore-‚
659 3399 756 3448 tamen
774 3391 837 3466 ipsa
851 3391 937 3464 fama,
951 3411 1027 3469 quae
1042 3397 1083 3456 de
1099 3409 1146 3458 tua
