<?xml version="1.0" encoding="UTF-8"?>
<!DOCTYPE html PUBLIC "-//W3C//DTD XHTML 1.0 Transitional//EN"
    "http://www.w3.org/TR/xhtml1/DTD/xhtml1-transitional.dtd">
<html xmlns="http://www.w3.org/1999/xhtml" xml:lang="en" lang="en">
 <head>
  <title>
</title>
<meta http-equiv="Content-Type" content="text/html;charset=utf-8" />
  <meta name='ocr-system' content='tesseract 3.04.00' />
  <meta name='ocr-capabilities' content='ocr_page ocr_carea ocr_par ocr_line ocrx_word'/>
</head>
<body>
  <div class='ocr_page' id='page_1' title='image "./epistolaeselect00watsgoog/epistolaeselect00watsgoog_0161.png"; bbox 0 0 2454 3842; ppageno 0'>
   <div class='ocr_carea' id='block_1_1' title="bbox 216 215 1154 299">
    <p class='ocr_par' dir='ltr' id='par_1_1' title="bbox 216 215 1154 299">
     <span class='ocr_line' id='line_1_1' title="bbox 216 215 1154 299; baseline 0.002 -27"><span class='ocrx_word' id='word_1_1' title='bbox 216 232 274 294; x_wconf 89' lang='lat'>140</span> <span class='ocrx_word' id='word_1_2' title='bbox 483 228 521 276; x_wconf 84' lang='lat' dir='ltr'>rr.</span> <span class='ocrx_word' id='word_1_3' title='bbox 547 229 666 278; x_wconf 83' lang='lat' dir='ltr'>rurrrr</span> <span class='ocrx_word' id='word_1_4' title='bbox 688 229 876 278; x_wconf 80' lang='lat' dir='ltr'>orcanoms</span> <span class='ocrx_word' id='word_1_5' title='bbox 1031 215 1100 299; x_wconf 63' lang='lat' dir='ltr'>[aas</span> <span class='ocrx_word' id='word_1_6' title='bbox 1115 230 1154 275; x_wconf 89' lang='lat' dir='ltr'>ru.</span> 
     </span>
    </p>
   </div>
   <div class='ocr_carea' id='block_1_2' title="bbox 213 383 1165 1934">
    <p class='ocr_par' dir='ltr' id='par_1_2' title="bbox 213 383 1165 1934">
     <span class='ocr_line' id='line_1_2' title="bbox 213 383 1156 460; baseline 0 -19"><span class='ocrx_word' id='word_1_7' title='bbox 213 383 330 441; x_wconf 90' lang='lat' dir='ltr'>laudare</span> <span class='ocrx_word' id='word_1_8' title='bbox 354 400 416 441; x_wconf 90' lang='lat' dir='ltr'>non</span> <span class='ocrx_word' id='word_1_9' title='bbox 441 401 579 460; x_wconf 83' lang='lat' dir='ltr'>possum3</span> <span class='ocrx_word' id='word_1_10' title='bbox 604 403 674 443; x_wconf 88' lang='lat' dir='ltr'>nam</span> <span class='ocrx_word' id='word_1_11' title='bbox 699 385 757 443; x_wconf 91' lang='lat' dir='ltr'>sive</span> <span class='ocrx_word' id='word_1_12' title='bbox 782 385 884 456; x_wconf 87' lang='lat' dir='ltr'><strong>timuit,</strong></span> <span class='ocrx_word' id='word_1_13' title='bbox 908 384 978 460; x_wconf 91' lang='lat' dir='ltr'>quid</span> <span class='ocrx_word' id='word_1_14' title='bbox 1008 385 1156 460; x_wconf 79' lang='lat' dir='ltr'>ignavius?</span> 
     </span>
     <span class='ocr_line' id='line_1_3' title="bbox 214 481 1159 560; baseline 0.002 -22"><span class='ocrx_word' id='word_1_15' title='bbox 214 482 281 550; x_wconf 91' lang='lat' dir='ltr'>sive,</span> <span class='ocrx_word' id='word_1_16' title='bbox 304 491 335 540; x_wconf 94' lang='lat' dir='ltr'>ut</span> <span class='ocrx_word' id='word_1_17' title='bbox 356 481 474 558; x_wconf 90' lang='lat' dir='ltr'>quidam</span> <span class='ocrx_word' id='word_1_18' title='bbox 495 492 606 560; x_wconf 89' lang='lat' dir='ltr'>putant,</span> <span class='ocrx_word' id='word_1_19' title='bbox 628 484 778 542; x_wconf 90' lang='lat' dir='ltr'>meliorem</span> <span class='ocrx_word' id='word_1_20' title='bbox 801 501 884 541; x_wconf 89' lang='lat' dir='ltr'>suam</span> <span class='ocrx_word' id='word_1_21' title='bbox 905 501 1025 541; x_wconf 90' lang='lat' dir='ltr'>causam</span> <span class='ocrx_word' id='word_1_22' title='bbox 1048 483 1159 541; x_wconf 88' lang='lat' dir='ltr'>illorum</span> 
     </span>
     <span class='ocr_line' id='line_1_4' title="bbox 213 580 1159 658; baseline 0.002 -20"><span class='ocrx_word' id='word_1_23' title='bbox 213 580 303 638; x_wconf 85' lang='lat' dir='ltr'>caede</span> <span class='ocrx_word' id='word_1_24' title='bbox 323 580 385 639; x_wconf 87' lang='lat' dir='ltr'>fore</span> <span class='ocrx_word' id='word_1_25' title='bbox 406 583 523 656; x_wconf 90' lang='lat' dir='ltr'>putavit,</span> <span class='ocrx_word' id='word_1_26' title='bbox 543 582 613 658; x_wconf 89' lang='lat' dir='ltr'>quid</span> <span class='ocrx_word' id='word_1_27' title='bbox 635 582 786 640; x_wconf 84' lang='lat' dir='ltr'>iniustius?</span> <span class='ocrx_word' id='word_1_28' title='bbox 808 581 861 640; x_wconf 90' lang='lat' dir='ltr'>sed</span> <span class='ocrx_word' id='word_1_29' title='bbox 880 581 952 640; x_wconf 88' lang='lat' dir='ltr'>haee</span> <span class='ocrx_word' id='word_1_30' title='bbox 973 582 1159 654; x_wconf 87' lang='lat' dir='ltr'>omittamus;</span> 
     </span>
     <span class='ocr_line' id='line_1_5' title="bbox 214 660 1161 758; baseline 0.002 -23"><span class='ocrx_word' id='word_1_31' title='bbox 214 695 354 754; x_wconf 85' lang='lat' dir='ltr'>augemus</span> <span class='ocrx_word' id='word_1_32' title='bbox 377 679 455 737; x_wconf 89' lang='lat' dir='ltr'>enirn</span> <span class='ocrx_word' id='word_1_33' title='bbox 477 660 608 738; x_wconf 81' lang='lat' dir='ltr'>dolorem</span> <span class='ocrx_word' id='word_1_34' title='bbox 629 680 820 739; x_wconf 79' lang='lat' dir='ltr'>retractando,</span> <span class='ocrx_word' id='word_1_35' title='bbox 864 698 890 750; x_wconf 84' lang='lat'>4.</span> <span class='ocrx_word' id='word_1_36' title='bbox 912 697 950 737; x_wconf 88' lang='lat' dir='ltr'>vr.</span> <span class='ocrx_word' id='word_1_37' title='bbox 966 679 1034 738; x_wconf 85' lang='lat' dir='ltr'>Kal.</span> <span class='ocrx_word' id='word_1_38' title='bbox 1050 681 1161 758; x_wconf 89' lang='lat' dir='ltr'>vesperi</span> 
     </span>
     <span class='ocr_line' id='line_1_6' title="bbox 213 775 1162 844; baseline 0 -11"><span class='ocrx_word' id='word_1_39' title='bbox 213 775 321 834; x_wconf 88' lang='lat' dir='ltr'>Balbus</span> <span class='ocrx_word' id='word_1_40' title='bbox 334 777 430 834; x_wconf 92' lang='lat' dir='ltr'>minor</span> <span class='ocrx_word' id='word_1_41' title='bbox 441 777 478 835; x_wconf 88' lang='lat' dir='ltr'>ad</span> <span class='ocrx_word' id='word_1_42' title='bbox 489 795 537 836; x_wconf 90' lang='lat' dir='ltr'>me</span> <span class='ocrx_word' id='word_1_43' title='bbox 548 779 633 844; x_wconf 78' lang='lat' dir='ltr'>venit,</span> <span class='ocrx_word' id='word_1_44' title='bbox 642 776 757 836; x_wconf 86' lang='lat' dir='ltr'>occulta</span> <span class='ocrx_word' id='word_1_45' title='bbox 766 777 812 834; x_wconf 91' lang='lat' dir='ltr'>via</span> <span class='ocrx_word' id='word_1_46' title='bbox 822 795 940 835; x_wconf 89' lang='lat' dir='ltr'>currens</span> <span class='ocrx_word' id='word_1_47' title='bbox 953 778 991 835; x_wconf 90' lang='lat' dir='ltr'>ad</span> <span class='ocrx_word' id='word_1_48' title='bbox 1003 776 1162 836; x_wconf 85' lang='lat' dir='ltr'>Lentulum</span> 
     </span>
     <span class='ocr_line' id='line_1_7' title="bbox 213 875 1161 949; baseline 0.002 -17"><span class='ocrx_word' id='word_1_49' title='bbox 213 875 371 946; x_wconf 90' lang='lat' dir='ltr'>consulem,</span> <span class='ocrx_word' id='word_1_50' title='bbox 387 876 478 934; x_wconf 91' lang='lat' dir='ltr'>missu</span> <span class='ocrx_word' id='word_1_51' title='bbox 492 875 634 948; x_wconf 88' lang='lat' dir='ltr'>Caesaris,</span> <span class='ocrx_word' id='word_1_52' title='bbox 644 895 711 935; x_wconf 91' lang='lat' dir='ltr'>cum</span> <span class='ocrx_word' id='word_1_53' title='bbox 725 876 832 946; x_wconf 87' lang='lat' dir='ltr'>litteris,</span> <span class='ocrx_word' id='word_1_54' title='bbox 843 895 912 935; x_wconf 88' lang='lat' dir='ltr'>cum</span> <span class='ocrx_word' id='word_1_55' title='bbox 926 877 1086 949; x_wconf 88' lang='lat' dir='ltr'>mandatis,</span> <span class='ocrx_word' id='word_1_56' title='bbox 1099 896 1161 936; x_wconf 91' lang='lat' dir='ltr'>cum</span> 
     </span>
     <span class='ocr_line' id='line_1_8' title="bbox 213 973 1161 1052; baseline 0.001 -22"><span class='ocrx_word' id='word_1_57' title='bbox 213 973 406 1049; x_wconf 82' lang='lat' dir='ltr'>promissione</span> <span class='ocrx_word' id='word_1_58' title='bbox 427 975 601 1050; x_wconf 88' lang='lat' dir='ltr'>provinciae,</span> <span class='ocrx_word' id='word_1_59' title='bbox 617 975 746 1034; x_wconf 89' lang='lat' dir='ltr'>Romam</span> <span class='ocrx_word' id='word_1_60' title='bbox 764 985 795 1034; x_wconf 91' lang='lat' dir='ltr'>ut</span> <span class='ocrx_word' id='word_1_61' title='bbox 810 976 917 1044; x_wconf 89' lang='lat' dir='ltr'>redeat,</span> <span class='ocrx_word' id='word_1_62' title='bbox 933 976 979 1033; x_wconf 92' lang='lat' dir='ltr'>cui</span> <span class='ocrx_word' id='word_1_63' title='bbox 993 975 1161 1052; x_wconf 85' lang='lat' dir='ltr'>persuaderi</span> 
     </span>
     <span class='ocr_line' id='line_1_9' title="bbox 213 1073 1161 1147; baseline 0 -18"><span class='ocrx_word' id='word_1_64' title='bbox 213 1089 301 1147; x_wconf 88' lang='lat' dir='ltr'>posse</span> <span class='ocrx_word' id='word_1_65' title='bbox 316 1089 376 1130; x_wconf 90' lang='lat' dir='ltr'>non</span> <span class='ocrx_word' id='word_1_66' title='bbox 390 1073 519 1143; x_wconf 86' lang='lat' dir='ltr'>arbitror,</span> <span class='ocrx_word' id='word_1_67' title='bbox 534 1073 590 1131; x_wconf 92' lang='lat' dir='ltr'>nisi</span> <span class='ocrx_word' id='word_1_68' title='bbox 605 1074 657 1131; x_wconf 89' lang='lat' dir='ltr'>erit</span> <span class='ocrx_word' id='word_1_69' title='bbox 671 1084 840 1132; x_wconf 86' lang='lat' dir='ltr'>conventus.</span> <span class='ocrx_word' id='word_1_70' title='bbox 882 1073 966 1132; x_wconf 88' lang='lat' dir='ltr'>Idem</span> <span class='ocrx_word' id='word_1_71' title='bbox 981 1075 1082 1134; x_wconf 90' lang='lat' dir='ltr'>aiebat</span> <span class='ocrx_word' id='word_1_72' title='bbox 1096 1074 1161 1131; x_wconf 92' lang='lat' dir='ltr'>nihil</span> 
     </span>
     <span class='ocr_line' id='line_1_10' title="bbox 215 1169 1162 1248; baseline 0.003 -21"><span class='ocrx_word' id='word_1_73' title='bbox 215 1169 300 1228; x_wconf 91' lang='lat' dir='ltr'>malle</span> <span class='ocrx_word' id='word_1_74' title='bbox 328 1169 494 1243; x_wconf 87' lang='lat' dir='ltr'>Caesarem,</span> <span class='ocrx_word' id='word_1_75' title='bbox 518 1189 605 1247; x_wconf 88' lang='lat' dir='ltr'>quam</span> <span class='ocrx_word' id='word_1_76' title='bbox 630 1181 663 1229; x_wconf 91' lang='lat' dir='ltr'>ut</span> <span class='ocrx_word' id='word_1_77' title='bbox 687 1170 861 1248; x_wconf 89' lang='lat' dir='ltr'>Pompeium</span> <span class='ocrx_word' id='word_1_78' title='bbox 883 1172 1162 1248; x_wconf 88' lang='lat' dir='ltr'>adsequeretur—id</span> 
     </span>
     <span class='ocr_line' id='line_1_11' title="bbox 215 1267 1161 1345; baseline 0.002 -19"><span class='ocrx_word' id='word_1_79' title='bbox 215 1267 373 1326; x_wconf 88' lang='lat' dir='ltr'>credo-et</span> <span class='ocrx_word' id='word_1_80' title='bbox 386 1269 491 1327; x_wconf 88' lang='lat' dir='ltr'>rediret</span> <span class='ocrx_word' id='word_1_81' title='bbox 509 1270 540 1327; x_wconf 91' lang='lat' dir='ltr'>in</span> <span class='ocrx_word' id='word_1_82' title='bbox 558 1270 697 1345; x_wconf 87' lang='lat' dir='ltr'>gratiam:</span> <span class='ocrx_word' id='word_1_83' title='bbox 719 1270 748 1328; x_wconf 94' lang='lat' dir='ltr'>id</span> <span class='ocrx_word' id='word_1_84' title='bbox 769 1289 830 1328; x_wconf 93' lang='lat' dir='ltr'>non</span> <span class='ocrx_word' id='word_1_85' title='bbox 849 1271 937 1329; x_wconf 91' lang='lat' dir='ltr'>credo</span> <span class='ocrx_word' id='word_1_86' title='bbox 956 1281 985 1329; x_wconf 90' lang='lat' dir='ltr'>et</span> <span class='ocrx_word' id='word_1_87' title='bbox 1005 1281 1109 1329; x_wconf 91' lang='lat' dir='ltr'>metuo</span> <span class='ocrx_word' id='word_1_88' title='bbox 1128 1289 1161 1328; x_wconf 93' lang='lat' dir='ltr'>ne</span> 
     </span>
     <span class='ocr_line' id='line_1_12' title="bbox 214 1366 1162 1439; baseline 0.003 -16"><span class='ocrx_word' id='word_1_89' title='bbox 214 1367 310 1424; x_wconf 89' lang='lat' dir='ltr'>omnis</span> <span class='ocrx_word' id='word_1_90' title='bbox 343 1366 416 1425; x_wconf 88' lang='lat' dir='ltr'>haec</span> <span class='ocrx_word' id='word_1_91' title='bbox 449 1367 602 1426; x_wconf 89' lang='lat' dir='ltr'>clementia</span> <span class='ocrx_word' id='word_1_92' title='bbox 629 1369 667 1427; x_wconf 89' lang='lat' dir='ltr'>ad</span> <span class='ocrx_word' id='word_1_93' title='bbox 695 1370 715 1439; x_wconf 94' lang='lat'>†</span> <span class='ocrx_word' id='word_1_94' title='bbox 739 1385 829 1427; x_wconf 89' lang='lat' dir='ltr'>unam</span> <span class='ocrx_word' id='word_1_95' title='bbox 856 1368 933 1426; x_wconf 88' lang='lat' dir='ltr'>illam</span> <span class='ocrx_word' id='word_1_96' title='bbox 962 1369 1162 1427; x_wconf 88' lang='lat' dir='ltr'>crudelitatem</span> 
     </span>
     <span class='ocr_line' id='line_1_13' title="bbox 215 1464 1162 1541; baseline 0.002 -19"><span class='ocrx_word' id='word_1_97' title='bbox 215 1464 371 1539; x_wconf 83' lang='lat' dir='ltr'>colligatur.</span> <span class='ocrx_word' id='word_1_98' title='bbox 403 1465 510 1524; x_wconf 85' lang='lat' dir='ltr'>Balbus</span> <span class='ocrx_word' id='word_1_99' title='bbox 526 1466 644 1541; x_wconf 91' lang='lat' dir='ltr'>quidem</span> <span class='ocrx_word' id='word_1_100' title='bbox 659 1467 750 1525; x_wconf 89' lang='lat' dir='ltr'>maior</span> <span class='ocrx_word' id='word_1_101' title='bbox 765 1467 801 1525; x_wconf 88' lang='lat' dir='ltr'>ad</span> <span class='ocrx_word' id='word_1_102' title='bbox 815 1485 863 1525; x_wconf 90' lang='lat' dir='ltr'>me</span> <span class='ocrx_word' id='word_1_103' title='bbox 878 1469 976 1526; x_wconf 84' lang='lat' dir='ltr'>scribit</span> <span class='ocrx_word' id='word_1_104' title='bbox 990 1468 1063 1525; x_wconf 91' lang='lat' dir='ltr'>nihil</span> <span class='ocrx_word' id='word_1_105' title='bbox 1079 1467 1162 1525; x_wconf 91' lang='lat' dir='ltr'>malle</span> 
     </span>
     <span class='ocr_line' id='line_1_14' title="bbox 214 1562 1163 1641; baseline 0 -20"><span class='ocrx_word' id='word_1_106' title='bbox 214 1562 370 1621; x_wconf 85' lang='lat' dir='ltr'>Caesarem</span> <span class='ocrx_word' id='word_1_107' title='bbox 389 1581 478 1640; x_wconf 90' lang='lat' dir='ltr'>quam</span> <span class='ocrx_word' id='word_1_108' title='bbox 497 1565 629 1640; x_wconf 90' lang='lat' dir='ltr'>principe</span> <span class='ocrx_word' id='word_1_109' title='bbox 651 1565 792 1641; x_wconf 89' lang='lat' dir='ltr'>Pompeio</span> <span class='ocrx_word' id='word_1_110' title='bbox 814 1567 876 1624; x_wconf 88' lang='lat' dir='ltr'>sine</span> <span class='ocrx_word' id='word_1_111' title='bbox 896 1576 977 1624; x_wconf 89' lang='lat' dir='ltr'>metu</span> <span class='ocrx_word' id='word_1_112' title='bbox 997 1566 1112 1624; x_wconf 90' lang='lat' dir='ltr'>vivere:</span> <span class='ocrx_word' id='word_1_113' title='bbox 1134 1575 1163 1622; x_wconf 92' lang='lat' dir='ltr'>tu</span> 
     </span>
     <span class='ocr_line' id='line_1_15' title="bbox 214 1661 1163 1735; baseline 0.003 -17"><span class='ocrx_word' id='word_1_114' title='bbox 214 1669 286 1735; x_wconf 89' lang='lat' dir='ltr'>puto</span> <span class='ocrx_word' id='word_1_115' title='bbox 300 1661 372 1720; x_wconf 87' lang='lat' dir='ltr'>haec</span> <span class='ocrx_word' id='word_1_116' title='bbox 392 1663 493 1720; x_wconf 88' lang='lat' dir='ltr'>credis.</span> <span class='ocrx_word' id='word_1_117' title='bbox 537 1661 603 1733; x_wconf 89' lang='lat' dir='ltr'>Sed,</span> <span class='ocrx_word' id='word_1_118' title='bbox 620 1680 687 1721; x_wconf 91' lang='lat' dir='ltr'>cum</span> <span class='ocrx_word' id='word_1_119' title='bbox 707 1663 779 1722; x_wconf 87' lang='lat' dir='ltr'>haec</span> <span class='ocrx_word' id='word_1_120' title='bbox 799 1664 960 1722; x_wconf 89' lang='lat' dir='ltr'>scribebam</span> <span class='ocrx_word' id='word_1_121' title='bbox 980 1684 1004 1721; x_wconf 92' lang='lat' dir='ltr'>v.</span> <span class='ocrx_word' id='word_1_122' title='bbox 1023 1661 1163 1733; x_wconf 74' lang='lat' dir='ltr'>Kalend,</span> 
     </span>
     <span class='ocr_line' id='line_1_16' title="bbox 213 1758 1164 1838; baseline 0.002 -22"><span class='ocrx_word' id='word_1_123' title='bbox 213 1758 371 1835; x_wconf 89' lang='lat' dir='ltr'>Pompeius</span> <span class='ocrx_word' id='word_1_124' title='bbox 399 1761 458 1818; x_wconf 89' lang='lat' dir='ltr'>iam</span> <span class='ocrx_word' id='word_1_125' title='bbox 486 1759 673 1818; x_wconf 89' lang='lat' dir='ltr'>Brundisium</span> <span class='ocrx_word' id='word_1_126' title='bbox 701 1763 814 1820; x_wconf 85' lang='lat' dir='ltr'>venisse</span> <span class='ocrx_word' id='word_1_127' title='bbox 847 1770 960 1838; x_wconf 89' lang='lat' dir='ltr'>poterat</span> <span class='ocrx_word' id='word_1_128' title='bbox 967 1781 975 1834; x_wconf 91' lang='lat'>;</span> <span class='ocrx_word' id='word_1_129' title='bbox 1008 1763 1164 1837; x_wconf 85' lang='lat' dir='ltr'>expeditus</span> 
     </span>
     <span class='ocr_line' id='line_1_17' title="bbox 214 1857 1165 1934; baseline 0.003 -20"><span class='ocrx_word' id='word_1_130' title='bbox 214 1857 292 1914; x_wconf 91' lang='lat' dir='ltr'>enim</span> <span class='ocrx_word' id='word_1_131' title='bbox 304 1867 496 1917; x_wconf 88' lang='lat' dir='ltr'>antecesserat</span> <span class='ocrx_word' id='word_1_132' title='bbox 509 1858 641 1934; x_wconf 87' lang='lat' dir='ltr'>legiones</span> <span class='ocrx_word' id='word_1_133' title='bbox 652 1879 689 1917; x_wconf 84' lang='lat' dir='ltr'>xr.</span> <span class='ocrx_word' id='word_1_134' title='bbox 700 1858 770 1918; x_wconf 87' lang='lat' dir='ltr'>Kal.</span> <span class='ocrx_word' id='word_1_135' title='bbox 782 1859 912 1918; x_wconf 89' lang='lat' dir='ltr'>Luceria.</span> <span class='ocrx_word' id='word_1_136' title='bbox 950 1859 1007 1919; x_wconf 90' lang='lat' dir='ltr'>Sed</span> <span class='ocrx_word' id='word_1_137' title='bbox 1019 1860 1080 1918; x_wconf 94' lang='lat' dir='ltr'>hoc</span> <span class='ocrx_word' id='word_1_138' title='bbox 1091 1861 1165 1933; x_wconf 76' lang='grc' dir='ltr'>τέρας</span> 
     </span>
    </p>
   </div>
   <div class='ocr_carea' id='block_1_3' title="bbox 214 1954 1165 2114">
    <p class='ocr_par' dir='ltr' id='par_1_3' title="bbox 214 1954 1165 2114">
     <span class='ocr_line' id='line_1_18' title="bbox 214 1954 1165 2035; baseline 0.003 -22"><span class='ocrx_word' id='word_1_139' title='bbox 214 1954 341 2014; x_wconf 90' lang='lat' dir='ltr'>horribili</span> <span class='ocrx_word' id='word_1_140' title='bbox 365 1955 518 2031; x_wconf 90' lang='lat' dir='ltr'>vigilantia,</span> <span class='ocrx_word' id='word_1_141' title='bbox 540 1957 692 2027; x_wconf 88' lang='lat' dir='ltr'>celeritate,</span> <span class='ocrx_word' id='word_1_142' title='bbox 715 1957 861 2035; x_wconf 88' lang='lat' dir='ltr'>diligentia</span> <span class='ocrx_word' id='word_1_143' title='bbox 885 1968 937 2017; x_wconf 88' lang='lat' dir='ltr'>est.</span> <span class='ocrx_word' id='word_1_144' title='bbox 980 1958 1071 2016; x_wconf 87' lang='lat' dir='ltr'>Plane</span> <span class='ocrx_word' id='word_1_145' title='bbox 1095 1958 1165 2033; x_wconf 91' lang='lat' dir='ltr'>quid</span> 
     </span>
     <span class='ocr_line' id='line_1_19' title="bbox 214 2053 915 2114; baseline 0 -2"><span class='ocrx_word' id='word_1_146' title='bbox 214 2053 341 2113; x_wconf 84' lang='lat' dir='ltr'>futurum</span> <span class='ocrx_word' id='word_1_147' title='bbox 363 2055 398 2113; x_wconf 92' lang='lat' dir='ltr'>sit</span> <span class='ocrx_word' id='word_1_148' title='bbox 419 2054 528 2114; x_wconf 86' lang='lat' dir='ltr'>nescio.</span> <span class='ocrx_word' id='word_1_149' title='bbox 913 2069 915 2074; x_wconf 86' lang='lat'>·</span> 
     </span>
    </p>
   </div>
   <div class='ocr_carea' id='block_1_4' title="bbox 418 2176 955 2237">
    <p class='ocr_par' dir='ltr' id='par_1_4' title="bbox 418 2176 955 2237">
     <span class='ocr_line' id='line_1_20' title="bbox 418 2176 955 2237; baseline 0.004 -2"><span class='ocrx_word' id='word_1_150' title='bbox 418 2181 464 2236; x_wconf 84' lang='grc'>56.</span> <span class='ocrx_word' id='word_1_151' title='bbox 505 2177 562 2237; x_wconf 87' lang='lat' dir='ltr'>AD</span> <span class='ocrx_word' id='word_1_152' title='bbox 583 2177 779 2237; x_wconf 90' lang='lat' dir='ltr'>ATTlCUM</span> <span class='ocrx_word' id='word_1_153' title='bbox 800 2176 883 2236; x_wconf 91' lang='lat' dir='ltr'>Vll-I.</span> <span class='ocrx_word' id='word_1_154' title='bbox 911 2197 955 2237; x_wconf 93' lang='lat'>11.</span> 
     </span>
    </p>
   </div>
   <div class='ocr_carea' id='block_1_5' title="bbox 216 2275 1165 2418">
    <p class='ocr_par' dir='ltr' id='par_1_5' title="bbox 216 2275 1165 2418">
     <span class='ocr_line' id='line_1_21' title="bbox 216 2275 1165 2352; baseline 0.001 -18"><span class='ocrx_word' id='word_1_155' title='bbox 216 2276 280 2336; x_wconf 74' lang='lat' dir='ltr'>Sca.</span> <span class='ocrx_word' id='word_1_156' title='bbox 296 2287 327 2336; x_wconf 77' lang='lat' dir='ltr'>nr</span> <span class='ocrx_word' id='word_1_157' title='bbox 345 2275 500 2336; x_wconf 80' lang='lat' dir='ltr'>Forumuo</span> <span class='ocrx_word' id='word_1_158' title='bbox 520 2295 642 2335; x_wconf 83' lang='lat' dir='ltr'>A.D.111.</span> <span class='ocrx_word' id='word_1_159' title='bbox 658 2276 819 2336; x_wconf 69' lang='lat' dir='ltr'>Karnums</span> <span class='ocrx_word' id='word_1_160' title='bbox 838 2277 977 2335; x_wconf 76' lang='lat' dir='ltr'>Manrms</span> <span class='ocrx_word' id='word_1_161' title='bbox 998 2295 1084 2335; x_wconf 69' lang='lat' dir='ltr'>nuc.</span> <span class='ocrx_word' id='word_1_162' title='bbox 1102 2289 1165 2352; x_wconf 77' lang='lat'>705.</span> 
     </span>
     <span class='ocr_line' id='line_1_22' title="bbox 531 2373 844 2418; baseline 0.003 -1"><span class='ocrx_word' id='word_1_163' title='bbox 531 2375 634 2417; x_wconf 81' lang='lat' dir='ltr'>ercano</span> <span class='ocrx_word' id='word_1_164' title='bbox 655 2373 761 2418; x_wconf 77' lang='lat' dir='ltr'>Arsrco</span> <span class='ocrx_word' id='word_1_165' title='bbox 782 2375 844 2418; x_wconf 71' lang='lat' dir='ltr'>saa.</span> 
     </span>
    </p>
   </div>
   <div class='ocr_carea' id='block_1_6' title="bbox 214 2465 1168 3520">
    <p class='ocr_par' dir='ltr' id='par_1_6' title="bbox 214 2465 1168 3520">
     <span class='ocr_line' id='line_1_23' title="bbox 258 2465 1166 2541; baseline -0.002 -17"><span class='ocrx_word' id='word_1_166' title='bbox 258 2485 281 2524; x_wconf 92' lang='lat'>1.</span> <span class='ocrx_word' id='word_1_167' title='bbox 308 2465 398 2536; x_wconf 80' lang='lat' dir='ltr'>Quor&gt;</span> <span class='ocrx_word' id='word_1_168' title='bbox 419 2481 466 2523; x_wconf 93' lang='lat' dir='ltr'>me</span> <span class='ocrx_word' id='word_1_169' title='bbox 492 2481 601 2541; x_wconf 88' lang='lat' dir='ltr'>magno</span> <span class='ocrx_word' id='word_1_170' title='bbox 627 2465 717 2522; x_wconf 88' lang='lat' dir='ltr'>animi</span> <span class='ocrx_word' id='word_1_171' title='bbox 739 2474 822 2523; x_wconf 89' lang='lat' dir='ltr'>motu</span> <span class='ocrx_word' id='word_1_172' title='bbox 844 2466 1041 2540; x_wconf 87' lang='lat' dir='ltr'>perturbatum</span> <span class='ocrx_word' id='word_1_173' title='bbox 1066 2474 1166 2538; x_wconf 90' lang='lat' dir='ltr'>putas,</span> 
     </span>
     <span class='ocr_line' id='line_1_24' title="bbox 215 2559 1168 2638; baseline -0.002 -16"><span class='ocrx_word' id='word_1_174' title='bbox 215 2582 279 2622; x_wconf 92' lang='lat' dir='ltr'>sum</span> <span class='ocrx_word' id='word_1_175' title='bbox 303 2563 447 2638; x_wconf 82' lang='lat' dir='ltr'>equidem,</span> <span class='ocrx_word' id='word_1_176' title='bbox 471 2562 607 2621; x_wconf 90' lang='lat' dir='ltr'>sednon</span> <span class='ocrx_word' id='word_1_177' title='bbox 630 2573 690 2620; x_wconf 88' lang='lat' dir='ltr'>tam</span> <span class='ocrx_word' id='word_1_178' title='bbox 718 2580 829 2638; x_wconf 90' lang='lat' dir='ltr'>magno</span> <span class='ocrx_word' id='word_1_179' title='bbox 854 2580 942 2638; x_wconf 91' lang='lat' dir='ltr'>quam</span> <span class='ocrx_word' id='word_1_180' title='bbox 964 2561 1015 2619; x_wconf 94' lang='lat' dir='ltr'>tibi</span> <span class='ocrx_word' id='word_1_181' title='bbox 1037 2559 1168 2621; x_wconf 87' lang='lat' dir='ltr'>sortasse</span> 
     </span>
     <span class='ocr_line' id='line_1_25' title="bbox 214 2659 1167 2734; baseline 0.001 -16"><span class='ocrx_word' id='word_1_182' title='bbox 214 2661 329 2734; x_wconf 81' lang='lat' dir='ltr'>videor3</span> <span class='ocrx_word' id='word_1_183' title='bbox 351 2661 458 2719; x_wconf 88' lang='lat' dir='ltr'>levatur</span> <span class='ocrx_word' id='word_1_184' title='bbox 479 2661 557 2718; x_wconf 91' lang='lat' dir='ltr'>enim</span> <span class='ocrx_word' id='word_1_185' title='bbox 577 2661 674 2718; x_wconf 90' lang='lat' dir='ltr'>omnis</span> <span class='ocrx_word' id='word_1_186' title='bbox 694 2677 770 2729; x_wconf 90' lang='lat' dir='ltr'>cura,</span> <span class='ocrx_word' id='word_1_187' title='bbox 786 2676 853 2719; x_wconf 89' lang='lat' dir='ltr'>cum</span> <span class='ocrx_word' id='word_1_188' title='bbox 873 2667 923 2718; x_wconf 91' lang='lat' dir='ltr'>aut</span> <span class='ocrx_word' id='word_1_189' title='bbox 942 2659 1068 2718; x_wconf 91' lang='lat' dir='ltr'>constitit</span> <span class='ocrx_word' id='word_1_190' title='bbox 1092 2678 1167 2718; x_wconf 90' lang='lat' dir='ltr'>con-</span> 
     </span>
     <span class='ocr_line' id='line_1_26' title="bbox 216 2755 1167 2836; baseline -0.001 -18"><span class='ocrx_word' id='word_1_191' title='bbox 216 2759 309 2818; x_wconf 90' lang='lat' dir='ltr'>silium</span> <span class='ocrx_word' id='word_1_192' title='bbox 338 2769 386 2818; x_wconf 90' lang='lat' dir='ltr'>aut</span> <span class='ocrx_word' id='word_1_193' title='bbox 414 2759 570 2836; x_wconf 90' lang='lat' dir='ltr'>cogitando</span> <span class='ocrx_word' id='word_1_194' title='bbox 594 2755 665 2815; x_wconf 90' lang='lat' dir='ltr'>nihil</span> <span class='ocrx_word' id='word_1_195' title='bbox 689 2758 862 2834; x_wconf 83' lang='lat' dir='ltr'>explicatur;</span> <span class='ocrx_word' id='word_1_196' title='bbox 889 2757 1040 2816; x_wconf 86' lang='lat' dir='ltr'>lamentari</span> <span class='ocrx_word' id='word_1_197' title='bbox 1061 2769 1167 2816; x_wconf 88' lang='lat' dir='ltr'>autem</span> 
     </span>
     <span class='ocr_line' id='line_1_27' title="bbox 214 2854 1167 2928; baseline -0.001 -13"><span class='ocrx_word' id='word_1_198' title='bbox 214 2859 289 2917; x_wconf 89' lang='lat' dir='ltr'>licet.</span> <span class='ocrx_word' id='word_1_199' title='bbox 330 2858 405 2917; x_wconf 94' lang='lat' dir='ltr'>Illud</span> <span class='ocrx_word' id='word_1_200' title='bbox 425 2868 522 2915; x_wconf 88' lang='lat' dir='ltr'>tamen</span> <span class='ocrx_word' id='word_1_201' title='bbox 541 2866 618 2914; x_wconf 91' lang='lat' dir='ltr'>totos</span> <span class='ocrx_word' id='word_1_202' title='bbox 639 2854 720 2928; x_wconf 86' lang='lat' dir='ltr'>dies;</span> <span class='ocrx_word' id='word_1_203' title='bbox 743 2856 795 2914; x_wconf 91' lang='lat' dir='ltr'>sed</span> <span class='ocrx_word' id='word_1_204' title='bbox 814 2874 915 2915; x_wconf 90' lang='lat' dir='ltr'>vereor</span> <span class='ocrx_word' id='word_1_205' title='bbox 938 2874 983 2925; x_wconf 86' lang='lat' dir='ltr'>ne,</span> <span class='ocrx_word' id='word_1_206' title='bbox 1002 2854 1071 2913; x_wconf 91' lang='lat' dir='ltr'>nihil</span> <span class='ocrx_word' id='word_1_207' title='bbox 1095 2874 1167 2914; x_wconf 88' lang='lat' dir='ltr'>curn</span> 
     </span>
     <span class='ocr_line' id='line_1_28' title="bbox 215 2945 1167 3034; baseline -0.002 -20"><span class='ocrx_word' id='word_1_208' title='bbox 215 2957 374 3034; x_wconf 88' lang='lat' dir='ltr'>proficiam,</span> <span class='ocrx_word' id='word_1_209' title='bbox 396 2945 482 3016; x_wconf 82' lang='lat' dir='ltr'>¹etiam</span> <span class='ocrx_word' id='word_1_210' title='bbox 505 2955 640 3014; x_wconf 88' lang='lat' dir='ltr'>dedecori</span> <span class='ocrx_word' id='word_1_211' title='bbox 663 2954 717 3012; x_wconf 89' lang='lat' dir='ltr'>sim</span> <span class='ocrx_word' id='word_1_212' title='bbox 739 2953 840 3012; x_wconf 90' lang='lat' dir='ltr'>studiis</span> <span class='ocrx_word' id='word_1_213' title='bbox 865 2971 899 3012; x_wconf 91' lang='lat' dir='ltr'>ae</span> <span class='ocrx_word' id='word_1_214' title='bbox 924 2953 1023 3012; x_wconf 87' lang='lat' dir='ltr'>litteris</span> <span class='ocrx_word' id='word_1_215' title='bbox 1044 2955 1167 3012; x_wconf 87' lang='lat' dir='ltr'>nostris.</span> 
     </span>
     <span class='ocr_line' id='line_1_29' title="bbox 216 3050 1167 3130; baseline -0.006 -16"><span class='ocrx_word' id='word_1_216' title='bbox 216 3057 369 3115; x_wconf 90' lang='lat' dir='ltr'>Consumo</span> <span class='ocrx_word' id='word_1_217' title='bbox 388 3056 473 3130; x_wconf 88' lang='lat' dir='ltr'>igitur</span> <span class='ocrx_word' id='word_1_218' title='bbox 494 3071 582 3112; x_wconf 91' lang='lat' dir='ltr'>omne</span> <span class='ocrx_word' id='word_1_219' title='bbox 601 3063 717 3128; x_wconf 89' lang='lat' dir='ltr'>tempus</span> <span class='ocrx_word' id='word_1_220' title='bbox 732 3050 929 3122; x_wconf 87' lang='lat' dir='ltr'>considerans,</span> <span class='ocrx_word' id='word_1_221' title='bbox 944 3060 1052 3126; x_wconf 88' lang='lat' dir='ltr'>quanta</span> <span class='ocrx_word' id='word_1_222' title='bbox 1065 3051 1115 3110; x_wconf 90' lang='lat' dir='ltr'>vis</span> <span class='ocrx_word' id='word_1_223' title='bbox 1131 3055 1167 3111; x_wconf 90' lang='lat' dir='ltr'>sit</span> 
     </span>
     <span class='ocr_line' id='line_1_30' title="bbox 215 3147 1166 3230; baseline -0.004 -17"><span class='ocrx_word' id='word_1_224' title='bbox 215 3155 288 3213; x_wconf 91' lang='lat' dir='ltr'>illius</span> <span class='ocrx_word' id='word_1_225' title='bbox 306 3155 365 3225; x_wconf 86' lang='lat' dir='ltr'>viri,</span> <span class='ocrx_word' id='word_1_226' title='bbox 380 3171 467 3230; x_wconf 88' lang='lat' dir='ltr'>quern</span> <span class='ocrx_word' id='word_1_227' title='bbox 486 3153 593 3213; x_wconf 90' lang='lat' dir='ltr'>nostris</span> <span class='ocrx_word' id='word_1_228' title='bbox 612 3152 691 3210; x_wconf 92' lang='lat' dir='ltr'>libris</span> <span class='ocrx_word' id='word_1_229' title='bbox 710 3151 779 3209; x_wconf 91' lang='lat' dir='ltr'>satis</span> <span class='ocrx_word' id='word_1_230' title='bbox 799 3149 958 3226; x_wconf 90' lang='lat' dir='ltr'>diligenter,</span> <span class='ocrx_word' id='word_1_231' title='bbox 973 3159 1005 3208; x_wconf 91' lang='lat' dir='ltr'>ut</span> <span class='ocrx_word' id='word_1_232' title='bbox 1024 3147 1075 3206; x_wconf 89' lang='lat' dir='ltr'>tibi</span> <span class='ocrx_word' id='word_1_233' title='bbox 1100 3152 1166 3226; x_wconf 91' lang='lat' dir='ltr'>qui-</span> 
     </span>
     <span class='ocr_line' id='line_1_31' title="bbox 215 3247 1164 3327; baseline -0.007 -14"><span class='ocrx_word' id='word_1_234' title='bbox 215 3257 283 3313; x_wconf 88' lang='lat' dir='ltr'>dem</span> <span class='ocrx_word' id='word_1_235' title='bbox 297 3254 435 3324; x_wconf 91' lang='lat' dir='ltr'>videmur,</span> <span class='ocrx_word' id='word_1_236' title='bbox 451 3251 653 3327; x_wconf 87' lang='lat' dir='ltr'>expressimus.</span> <span class='ocrx_word' id='word_1_237' title='bbox 686 3248 824 3306; x_wconf 89' lang='lat' dir='ltr'>Tenesne</span> <span class='ocrx_word' id='word_1_238' title='bbox 838 3248 931 3323; x_wconf 90' lang='lat' dir='ltr'>igitur,</span> <span class='ocrx_word' id='word_1_239' title='bbox 944 3247 1164 3306; x_wconf 88' lang='lat' dir='ltr'>moderatorem</span> 
     </span>
     <span class='ocr_line' id='line_1_32' title="bbox 214 3345 1165 3425; baseline -0.006 -14"><span class='ocrx_word' id='word_1_240' title='bbox 214 3355 294 3411; x_wconf 91' lang='lat' dir='ltr'>illum</span> <span class='ocrx_word' id='word_1_241' title='bbox 315 3351 356 3408; x_wconf 91' lang='lat' dir='ltr'>rei</span> <span class='ocrx_word' id='word_1_242' title='bbox 377 3349 510 3425; x_wconf 88' lang='lat' dir='ltr'>publicae</span> <span class='ocrx_word' id='word_1_243' title='bbox 533 3365 592 3424; x_wconf 91' lang='lat' dir='ltr'>quo</span> <span class='ocrx_word' id='word_1_244' title='bbox 615 3346 720 3404; x_wconf 82' lang='lat' dir='ltr'>referre</span> <span class='ocrx_word' id='word_1_245' title='bbox 744 3346 864 3404; x_wconf 90' lang='lat' dir='ltr'>velimus</span> <span class='ocrx_word' id='word_1_246' title='bbox 887 3345 1005 3404; x_wconf 82' lang='lat' dir='ltr'>omnia?</span> <span class='ocrx_word' id='word_1_247' title='bbox 1027 3361 1097 3402; x_wconf 90' lang='lat' dir='ltr'>nam</span> <span class='ocrx_word' id='word_1_248' title='bbox 1123 3348 1165 3405; x_wconf 89' lang='lat' dir='ltr'>sic</span> 
     </span>
     <span class='ocr_line' id='line_1_33' title="bbox 216 3442 1165 3520; baseline 0.004 -24"><span class='ocrx_word' id='word_1_249' title='bbox 216 3453 324 3509; x_wconf 65' lang='lat' dir='ltr'>annno.</span> <span class='ocrx_word' id='word_1_250' title='bbox 335 3457 366 3496; x_wconf 80' lang='lat' dir='ltr'>nt</span> <span class='ocrx_word' id='word_1_251' title='bbox 381 3446 493 3520; x_wconf 89' lang='lat' dir='ltr'>opinor,</span> <span class='ocrx_word' id='word_1_252' title='bbox 503 3446 532 3500; x_wconf 90' lang='lat' dir='ltr'>in</span> <span class='ocrx_word' id='word_1_253' title='bbox 546 3445 619 3502; x_wconf 91' lang='lat' dir='ltr'>libro</span> <span class='ocrx_word' id='word_1_254' title='bbox 633 3445 758 3520; x_wconf 80' lang='lat' dir='ltr'>loquitur</span> <span class='ocrx_word' id='word_1_255' title='bbox 773 3442 888 3519; x_wconf 90' lang='lat' dir='ltr'>Scipio:</span> <span class='ocrx_word' id='word_1_256' title='bbox 905 3448 953 3501; x_wconf 88' lang='lat' dir='ltr'>‘ut</span> <span class='ocrx_word' id='word_1_257' title='bbox 967 3443 1046 3501; x_wconf 91' lang='lat' dir='ltr'>enim</span> <span class='ocrx_word' id='word_1_258' title='bbox 1056 3443 1165 3518; x_wconf 87' lang='lat' dir='ltr'>guber·</span> 
     </span>
    </p>
   </div>
   <div class='ocr_carea' id='block_1_7' title="bbox 0 0 1237 3842">
    <p class='ocr_par' dir='ltr' id='par_1_7' title="bbox 0 0 1237 3842">
     <span class='ocr_line' id='line_1_34' title="bbox 0 0 1237 3842; baseline 0 0"><span class='ocrx_word' id='word_1_259' title='bbox 0 0 1237 3842; x_wconf 95' lang='lat' dir='ltr'> </span> 
     </span>
    </p>
   </div>
  </div>
 </body>
</html>
