2432 3844
209 220 227 282 8
486 233 872 283 M.rumrroroareorr1s
1035 220 1112 302 [Pars
1135 234 1157 280 r.

207 425 432 479 conservassem,
454 420 540 485 atque
561 411 715 468 abeuntem
735 409 904 485 magistratu
928 407 1076 466 contionis
1102 407 1154 464 ha-

206 507 319 565 bendae
334 515 475 584 potestate
489 509 624 584 privavit;
643 509 724 566 cuius
739 508 840 565 iniuria
851 507 921 564 mihi
931 516 1029 565 tamen
1040 505 1154 564 honori

208 621 323 664 summo
349 605 416 664 l‘t:
445 625 522 679 nam,
546 623 613 664 cum
637 607 682 664 ille
704 606 774 663 mihi
798 604 868 663 nihil
889 604 944 664 nisi
966 613 997 664 ut
1021 605 1153 662 iurarem

208 703 391 778 permitteret,
420 724 527 783 magna
559 723 630 764 voce
662 705 752 762 iuravi
779 705 961 762 verissimum
989 702 1153 778 pulcherri-

207 819 346 879 mumque
367 805 411 862 ius
432 803 593 873 iurandum,
613 802 693 879 quod
713 803 839 878 populus
861 803 930 860 item
948 819 1059 876 magna
1077 818 1152 858 voce

208 917 256 956 me
283 919 348 960 vere
376 903 484 961 iurasse
511 903 618 959 iuravit.
669 902 695 958 8.
726 900 792 958 Hac
816 909 936 978 accepta
956 908 1016 958 tam
1040 898 1152 973 insigni

209 999 320 1070 iniuria,
335 1009 433 1058 tamen
452 1000 499 1057 illo
519 1000 582 1075 ipso
603 999 650 1058 die
668 999 734 1057 misi
754 999 791 1056 ad
811 998 961 1057 Metellum
975 1013 1165 1055 communes.

209 1095 328 1166 amicos,
344 1098 393 1171 qui
412 1105 530 1171 agerent
547 1115 613 1154 cum
633 1115 677 1168 eo,
692 1105 724 1154 ut
742 1095 779 1154 de
798 1096 844 1154 illa
862 1104 960 1153 mente
979 1095 1151 1164 desisteret;

210 1195 314 1270 quibus
328 1195 375 1253 ille
387 1197 535 1272 respondit
549 1197 603 1254 sibi
617 1214 679 1254 non
690 1214 754 1254 esse
764 1195 923 1270 integrum:
942 1195 1050 1252 etenim
1061 1193 1152 1268 paulo

211 1302 278 1351 ante
296 1294 326 1350 in
345 1296 482 1353 contione
501 1296 611 1354 dixerat
630 1296 664 1365 ei,
683 1296 732 1372 qui
752 1295 783 1351 in
804 1295 876 1354 alios
897 1295 1026 1352 animum
1048 1294 1150 1351 adver-

209 1392 290 1449 tisset
303 1393 410 1451 indicta
424 1412 518 1465 causa,
529 1393 643 1452 dicendi
657 1393 711 1469 ipsi
726 1402 897 1468 potestatem
912 1393 972 1451 fieri
986 1410 1048 1450 non
1062 1409 1151 1468 opor-

211 1497 278 1546 tere.
322 1489 482 1549 Hominem
507 1510 623 1568 gravem
647 1501 676 1549 et
698 1492 788 1549 civem
813 1491 979 1566 egregium!
1008 1491 1067 1565 qui,
1094 1507 1150 1564 qua

211 1605 307 1662 poena
321 1599 437 1647 senatus
452 1608 597 1648 consensu
612 1590 757 1648 bonorum
776 1589 906 1646 omnium
925 1606 976 1648 eos
996 1587 1149 1654 adfecerat,

211 1687 260 1761 qui
274 1688 376 1744 urbem
390 1687 544 1746 incendere
559 1696 586 1746 et
600 1689 783 1763 magistratus
798 1705 831 1745 ac
849 1695 980 1745 senatum
998 1686 1147 1754 trucidare,

211 1784 318 1841 bellum
351 1786 510 1843 maximum
541 1785 668 1844 conflare
695 1784 860 1856 voluissent,
889 1785 992 1843 eadem
1027 1785 1147 1860 dignum

211 1882 349 1940 iudicaret
364 1901 439 1953 eum,
454 1884 504 1958 qui
523 1884 632 1940 curiam
646 1883 744 1952 caede,
758 1884 860 1941 urbem
873 1883 1022 1952 incendiis,
1036 1882 1146 1942 ltaliam

211 1981 287 2039 bello
316 1982 471 2040 liberasset.
520 1980 622 2057 Itaque
650 1999 705 2056 ego
732 1981 860 2052 Metello,
882 1982 959 2039 fratri
983 1992 1041 2052 tuo,
1066 2001 1144 2058 prae-

213 2081 286 2137 senti
309 2081 414 2138 restiti:
439 2081 560 2138 namin
583 2088 684 2138 senatu
708 2078 774 2137 Kal.
795 2079 936 2138 Ianuariis
958 2080 999 2139 sic
1024 2099 1091 2138 curn
1112 2098 1144 2137 eo

213 2178 249 2236 de
271 2197 302 2238 re
326 2179 441 2256 publiea
466 2177 615 2254 disputavi,
636 2187 668 2235 ut
690 2177 807 2235 sentiret
831 2176 883 2234 sibi
908 2195 975 2235 cum
999 2179 1059 2235 viro
1084 2178 1144 2236 forti

213 2287 241 2335 et
265 2278 408 2337 constanti
433 2296 497 2336 esse
525 2276 724 2352 pugnandum.
766 2294 791 2333 a.
813 2275 839 2332 d.
862 2293 901 2332 111,
931 2275 1008 2333 Non.
1034 2275 1141 2334 Ianuar.

214 2395 281 2434 cum
302 2395 387 2453 agere
407 2379 559 2452 coepisset,
573 2376 656 2433 tertio
675 2392 792 2450 quoque
812 2374 902 2432 verbo
921 2375 1058 2432 orationis
1079 2393 1141 2433 suae

213 2491 260 2530 me
275 2474 446 2549 appellabat,
457 2473 528 2531 mihi
541 2473 720 2543 minabatur3
735 2489 830 2547 neque
844 2471 883 2528 illi
893 2472 1049 2548 quicquam
1059 2471 1141 2530 delib-

215 2571 319 2629 eratius
347 2571 399 2628 luit
423 2589 511 2646 quam
538 2588 595 2640 me,
617 2586 800 2645 quacumque
824 2569 935 2627 ratione
957 2579 1063 2645 posset,
1086 2589 1140 2628 non

214 2669 320 2727 iudicio
348 2685 443 2745 neque
471 2668 686 2743 disceptatione,
715 2667 767 2726 sed
794 2668 821 2725 vi
849 2676 933 2744 atque
961 2668 1140 2743 impressione

214 2778 349 2827 evertere.
398 2767 494 2827 Huius
519 2784 575 2843 ego
599 2766 750 2825 temeritati
774 2767 798 2824 si
821 2767 922 2824 virtute
946 2775 1032 2842 atque
1053 2767 1139 2824 animo

215 2886 276 2926 non
290 2867 465 2938 restitissem,
481 2867 545 2943 quis
559 2877 635 2924 esset
651 2866 700 2942 qui
718 2883 765 2923 me
784 2866 815 2923 in
834 2866 986 2923 consulatu
1003 2882 1062 2922 non
1079 2885 1139 2924 casu

176 3017 179 3023 .
216 2967 313 3043 potius
335 2966 510 3024 existimaret
530 2983 619 3041 quarn
639 2965 760 3023 consilio
780 2963 884 3022 fortem
903 2963 1010 3022 fuisse?
1033 2983 1057 3038 9.
1076 2964 1138 3022 haec

217 3066 241 3124 si
262 3075 292 3123 tu
310 3064 460 3123 Metellum
480 3065 607 3140 cogitare
627 3064 663 3122 de
682 3081 730 3122 me
744 3063 869 3133 nescisti,
886 3062 975 3120 debes
989 3063 1138 3120 existimare

217 3174 245 3221 te
260 3164 392 3223 maximis
415 3164 451 3222 de
473 3164 560 3222 rebus
584 3181 601 3221 a
623 3163 708 3220 fratre
730 3179 794 3220 esse
816 3161 959 3232 celatum3
988 3160 1031 3218 sin
1054 3170 1136 3218 autem

219 3262 325 3338 aliquid
339 3262 490 3338 impertivit
503 3262 554 3320 tibi
568 3262 612 3319 sui
626 3259 745 3327 consilii,
755 3258 827 3316 lenis
842 3277 859 3316 a
872 3266 900 3315 te
914 3266 942 3316 et
956 3256 1045 3316 facilis
1054 3259 1135 3316 existi-

218 3364 290 3421 mari
305 3362 407 3433 debe0,
418 3362 467 3437 qui
481 3361 550 3419 nihil
565 3371 661 3419 tecum
676 3358 711 3415 de
725 3356 769 3416 his
782 3357 853 3432 ipsis
866 3357 952 3415 rebus
962 3355 1134 3432 expostulem.

221 3461 267 3533 Et,
293 3462 315 3520 si
340 3460 481 3536 intellegis
508 3476 569 3515 non
597 3474 645 3514 me
673 3456 749 3513 dicto
774 3453 892 3525 Metelli,
914 3463 946 3512 ut
970 3453 1072 3525 scribis,
1091 3453 1133 3514 sed
