2454 3842
66 255 177 340 rp.41.]
237 269 424 320 urrunnu
445 271 668 322 rrnrrrrnua
694 274 771 324 urrr.
798 279 846 340 14.
953 277 1012 345 117

62 445 149 485 suum
170 444 349 503 quemquam
369 435 429 485 tam
450 427 544 486 oderit
563 447 652 505 quarn
676 447 733 501 me,
748 439 834 507 atque
853 449 890 491 eo
908 434 1012 511 magis,

64 520 145 597 quod
166 539 219 596 per
242 520 375 579 iniuriam
396 523 451 580 sibi
472 531 554 599 putat
576 533 747 600 auguratum
770 536 910 602 ereptum,
932 530 1015 588 cuius

63 639 122 697 ego
150 629 252 678 auctor
279 619 390 678 fuerim.
443 620 531 680 Nunc
559 622 626 681 furit
650 632 709 681 tarn
737 624 853 699 gavisos
880 625 1015 685 homines

64 736 151 778 suum
166 717 297 776 dolorem
311 735 461 795 unumque
479 719 569 779 modo
588 738 637 786 me
657 720 866 781 studiosiorem.
876 722 1015 782 Antonii:

63 835 134 874 nam
163 816 217 876 Cn.
240 815 428 876 Saturninum
455 819 670 878 adulescentem
700 819 763 897 ipse
792 819 846 879 Cn.
868 821 1014 881 Domitius

63 933 148 973 reum
166 915 243 988 lecit,
258 934 329 975 sane
344 934 433 994 quam
454 917 601 993 superiore
615 937 633 976 a
645 918 704 978 vita
721 918 912 990 invidiosum,
934 922 1015 995 quod

64 1013 204 1072 iudicium
224 1033 303 1074 nunc
324 1015 355 1072 in
376 1017 593 1091 exspectatione
615 1024 667 1088 est,
689 1017 777 1076 etiam
797 1018 827 1075 in
848 1019 928 1078 bona
953 1036 1014 1094 spe,

63 1121 133 1188 post
148 1110 216 1171 Sex.
230 1111 375 1172 Peducaei
390 1113 613 1172 absolutionem.
656 1135 682 1173 2.
704 1115 751 1174 De
766 1134 881 1175 summa
895 1135 926 1175 re
940 1118 1015 1194 pub

63 1212 120 1271 lica
134 1229 222 1288 saepe
243 1212 294 1270 tibi
309 1211 419 1288 scripsi,
437 1229 486 1269 me
507 1231 636 1272 annuam
656 1232 762 1289 pacem
783 1232 845 1273 non
865 1215 971 1287 videre,
986 1227 1016 1275 et

63 1328 125 1388 quo
140 1309 260 1387 propius
280 1327 316 1368 ea
333 1309 490 1377 contentio,
505 1328 593 1386 quarn
612 1312 674 1370 fieri
692 1330 813 1371 necesse
827 1323 879 1386 est,
894 1315 1014 1387 accedit,

64 1430 103 1469 eo
118 1410 223 1469 clarius
238 1409 267 1468 id
288 1408 449 1485 periculum
463 1419 591 1484 apparet.
633 1409 820 1487 Propositum
839 1412 896 1471 hoe
910 1423 963 1484 est,
978 1414 1015 1471 de

63 1528 135 1586 quo,
164 1508 214 1585 qui
240 1525 337 1566 rerum
364 1506 523 1582 potiuntur,
552 1517 620 1565 sunt
652 1507 821 1582 dimicaturi,
851 1513 931 1589 quod
959 1512 1014 1572 Cn.

64 1609 225 1684 Pompeius
240 1606 389 1666 constituit
409 1623 471 1664 non
491 1607 551 1682 pati
565 1605 600 1665 C.
615 1605 773 1666 Caesarem
793 1609 943 1669 consulem
964 1613 1015 1670 ali·

63 1721 110 1768 ter
130 1707 200 1777 fieri,
222 1705 278 1764 nisi
298 1704 457 1763 exercitum
477 1713 507 1762 et
526 1705 689 1780 provincias
710 1707 857 1766 tradiderit
867 1729 876 1782 ;
898 1708 1016 1769 Caesari

64 1815 165 1866 autem
186 1821 356 1879 persuasum
378 1811 421 1860 est
445 1820 477 1861 se
505 1801 616 1860 salvum
641 1821 705 1862 esse
727 1822 789 1863 non
811 1823 909 1882 posse,
930 1810 960 1866 si
978 1811 1016 1868 ab

65 1903 196 1964 exercitu
219 1901 379 1960 recesserit.
420 1899 488 1960 Fert
516 1901 595 1959 illam
619 1912 718 1962 tamen
745 1905 959 1977 condicionem,
984 1917 1017 1965 ut

65 2005 158 2063 ambo
186 1989 328 2059 exercitus
356 1999 479 2058 tradant.
530 1999 577 2058 Sic
606 2000 645 2058 illi
673 2019 790 2061 amores
819 1999 849 2062 et¹
874 2004 1017 2063 invidiosa

65 2098 236 2161 coniunctio
257 2116 320 2156 non
341 2097 379 2155 ad
400 2083 545 2156 occultam
569 2099 671 2158 recidit
692 2102 941 2172 obtrectationem,
964 2103 1016 2160 sed

65 2202 105 2260 ad
118 2199 227 2258 bellum
246 2215 278 2256 se
292 2197 386 2272 erupit
396 2216 404 2268 ;
426 2215 531 2273 neque,
545 2216 677 2256 mearum
698 2217 794 2258 rerum
814 2199 885 2276 quid
904 2199 1016 2258 consilii

65 2300 191 2377 capiam,
205 2295 319 2372 reperio
329 2314 337 2367 ;
361 2295 441 2372 quod
461 2314 522 2353 non
542 2289 652 2368 dubito,
667 2297 738 2373 quin
757 2308 785 2356 te
805 2315 923 2375 quoque
943 2297 1016 2356 haec

65 2395 238 2459 deliberatio
259 2394 295 2452 sit
315 2394 523 2470 perturbatura.
565 2395 644 2454 Nam
668 2395 739 2454 mihi
760 2414 828 2455 cum
848 2396 1016 2457 hominibus

64 2499 113 2558 his
127 2504 157 2556 et
170 2493 262 2570 gratia
275 2500 304 2551 et
318 2491 505 2550 necessitudo
519 2504 581 2551 est:
604 2511 723 2553 causam
743 2494 831 2564 illam,
844 2511 907 2552 non
921 2493 1017 2552 homi·

64 2615 122 2657 nes
137 2593 196 2652 odi.
239 2611 266 2666 3.
287 2589 363 2648 Illud
384 2597 413 2648 tc
434 2607 496 2648 non
519 2592 640 2650 arbitror
660 2590 769 2667 fugere,
790 2592 861 2667 quin
881 2591 1016 2650 homines

65 2698 98 2755 in
120 2690 302 2752 dissensione
318 2688 479 2748 domestica
494 2689 627 2762 debeant,
642 2707 730 2766 quam
753 2689 802 2748 diu
823 2689 941 2748 civiliter
954 2690 1016 2748 sine

65 2791 157 2853 armis
179 2798 308 2859 certetur,
327 2787 526 2846 honestiorem
546 2788 628 2864 sequi
646 2797 767 2864 partem,
784 2788 834 2845 ubi
854 2789 892 2846 ad
908 2787 1018 2846 bellum

65 2903 97 2953 et
119 2898 214 2950 castra
237 2895 358 2945 ventum
384 2885 426 2959 sit,
450 2885 618 2956 firmiorem,
641 2895 670 2944 et
697 2886 728 2946 id
755 2886 858 2944 melius
883 2895 1018 2960 statuere,

67 2989 152 3070 quod
172 2987 262 3045 tutius
283 2984 327 3043 sit.
370 2983 406 3042 In
428 2984 483 3042 hac
505 2984 649 3044 discordia
668 2984 754 3042 video
772 2983 827 3043 Cn.
842 2983 1017 3060 Pompeium

66 3097 203 3149 senatum
223 3084 333 3161 quique
353 3101 399 3142 res
420 3082 549 3141 iudicant
570 3100 670 3142 secum
692 3082 867 3154 habitururn,
883 3082 922 3142 ad
943 3081 1025 3142 Cae·'

65 3204 165 3250 sarem
185 3200 297 3253 omnes,
317 3182 368 3258 qui
388 3199 456 3239 cum
477 3181 581 3238 timore
602 3189 651 3239 aut
671 3180 749 3238 mala
770 3197 823 3256 spe
844 3181 949 3252 vivant,
969 3199 1018 3240 ac-

65 3299 211 3352 cessuros,
239 3279 397 3339 exercitum
429 3277 638 3337 conserendum
672 3295 735 3336 non
769 3295 844 3336 esse.
886 3277 1018 3337 Omnino

66 3383 138 3444 satis
158 3378 243 3456 spatii
264 3386 309 3437 est
328 3378 367 3438 ad
381 3375 609 3435 considerandas
630 3375 779 3451 utriusque
796 3375 898 3452 copias
920 3386 948 3435 et
968 3375 1018 3434 eli·

65 3478 197 3558 gendam
224 3485 344 3555 partem.
388 3494 415 3548 4.
437 3474 534 3550 Prope
557 3473 663 3532 oblitus
689 3491 764 3545 sum,
788 3473 868 3551 quod
892 3473 1019 3530 maxime
