2454 3842
21 269 125 321 pp.32,
139 245 199 328 33.]
220 255 334 305 aaron
358 256 408 304 An
429 255 652 306 summanus
676 257 753 305 rrrr.
776 263 807 323 4.
919 263 960 331 93

20 407 82 466 ihil
102 406 183 466 aliud
206 407 261 466 nisi
282 407 424 483 imperata
445 407 600 479 ἐπικεφὸλια
622 403 746 486 [solvere
767 425 828 466 nou
850 403 961 489 posse,]

20 511 77 563 ινὰς
94 507 230 564 omnium
244 506 383 576 venditas,
398 505 544 564 civitatum
561 506 695 580 gemitus,
710 504 847 581 ploratus,
863 524 962 564 mons-

20 623 51 662 ra
91 605 238 681 quaedam
274 621 336 662 non
373 602 509 674 hominis,
545 604 598 662 sed
632 602 710 662 ferae
744 604 844 662 nescio
879 606 961 664 cuius

20 703 159 761 mmanis.
202 701 283 774 Quid
304 701 438 777 quaeris?
463 701 560 759 taedet
585 701 708 759 omnino
729 702 812 759 vitae.
856 721 882 776 3.
905 702 961 760 Le·

20 810 116 858 antur
138 810 238 858 tamen
258 800 380 858 miserae
402 800 539 870 civitates,
557 799 638 875 quod
659 799 754 857 nullus
776 799 807 858 fit
828 810 962 877 sumptus

20 919 39 958 n
71 917 129 958 nos
151 918 248 975 neque
276 900 307 957 ln
334 898 447 975 legatos
474 916 569 974 neque
598 899 628 955 in
656 907 839 974 quaestorem
868 917 963 976 neque

20 1020 40 1058 n
65 1017 264 1076 quemquam
293 1000 365 1059 scito
389 1018 451 1058 non
475 999 566 1058 modo
588 1018 644 1058 nos
668 998 788 1057 loenum
813 1007 861 1056 aut
883 997 964 1074 quod

20 1099 49 1158 le
85 1098 149 1176 lege
179 1098 253 1156 Iulia
284 1099 345 1156 dari
374 1098 447 1156 solet
477 1115 539 1156 non
567 1098 708 1174 accipere,
736 1096 789 1156 sed
818 1116 857 1155 ne
884 1097 964 1172 ligna

20 1197 144 1272 widem,
168 1215 223 1255 nec
245 1207 359 1273 praeter
386 1206 523 1272 quattuor
550 1196 642 1254 lectos
670 1206 698 1254 et
726 1205 833 1254 tectum
862 1212 963 1271 quem-

20 1314 105 1371 iuam
125 1296 258 1371 accipere
276 1295 443 1370 quicquam,
457 1294 555 1352 multis
569 1295 641 1352 locis
660 1312 698 1354 ne
712 1303 821 1352 tectum
836 1293 964 1371 quidem,

20 1404 42 1452 et
62 1396 95 1451 in
108 1393 295 1451 tabernaculo
309 1411 427 1451 manere
444 1393 632 1469 plerumque:
654 1394 750 1469 itaque
764 1393 965 1452 incredibilem

20 1512 44 1550 n
64 1493 188 1550 modum
205 1509 364 1552 concursus
383 1493 457 1551 fiunt
476 1510 513 1550 ex
533 1493 618 1568 agris,
633 1511 670 1550 ex
685 1493 763 1563 vicis,
779 1511 816 1550 ex
830 1493 966 1552 domibus

20 1592 172 1662 omnibus;
204 1591 369 1649 mehercule
396 1592 483 1649 etiam
509 1590 635 1649 adventu
659 1600 760 1649 nostro
784 1591 966 1662 reviviscunt,

20 1690 133 1760 iustitia,
147 1690 330 1760 abstinentia,
345 1689 499 1747 clementia
512 1690 553 1747 tui
568 1687 735 1748 Ciceronis:
756 1689 796 1748 ita
810 1690 966 1766 opiniones

20 1789 151 1846 omniurn
181 1789 332 1864 superavit.
380 1808 408 1859 4.
430 1787 555 1864 Appius,
581 1797 612 1846 ut
641 1787 748 1846 audivit
775 1805 831 1845 nos
860 1788 966 1860 venire,

21 1887 51 1942 in
73 1887 205 1945 ultimam
230 1885 409 1962 provinciam
433 1904 465 1944 se
490 1887 614 1944 coniecit
639 1885 765 1944 Tarsum
786 1904 897 1963 usque3
927 1887 967 1944 ibi

24 1983 199 2060 forum'agit.
241 1983 288 2042 De
303 1983 410 2041 Partho
425 1984 570 2042 silentium
585 1994 637 2054 est,
652 1983 704 2042 sed
718 1993 816 2043 tamen
831 1986 967 2044 concisos

25 2087 133 2160 equites
157 2093 275 2143 nostros
297 2103 314 2142 a
333 2084 464 2142 barbaris
488 2084 661 2141 nuntiabant
682 2084 710 2153 ii,
731 2084 781 2159 qui
806 2084 967 2142 veniebant

25 2181 141 2243 Bibulus
162 2202 200 2242 ne
222 2183 368 2258 cogitabat
390 2182 508 2258 quidem
528 2184 616 2240 etiam
638 2200 717 2240 nunc
738 2183 768 2239 in
789 2183 968 2258 provinciam

28 2299 106 2340 suam
129 2282 285 2353 accedere;
310 2281 341 2339 id
362 2291 459 2340 autem
484 2281 643 2350 lacereob
664 2298 730 2338 eam
751 2298 870 2339 causam
891 2281 968 2339 dice·

29 2380 102 2450 bant,
120 2380 201 2456 quod
222 2380 331 2438 tardius
352 2379 436 2437 vellet
458 2380 607 2438 decedere.
650 2378 715 2437 Nos
736 2380 767 2437 in
787 2388 882 2438 castra
903 2397 969 2456 pro·

29 2482 205 2550 perabamus,
221 2496 295 2553 quae
310 2479 430 2537 aberant
444 2477 533 2536 bidui.

208 2657 255 2710 33.
298 2650 355 2709 AD
377 2650 630 2710 FAMILIARES
653 2650 735 2708 VIII.
760 2672 786 2723 4.

118 2769 182 2827 Sca.
206 2767 315 2826 Rouau
337 2767 490 2826 Kauuuurs
512 2766 684 2826 Ssxrrursus
706 2786 788 2828 nuc.
813 2781 880 2843 703.

318 2893 439 2934 casurus
460 2890 594 2935 cresaoru
615 2894 675 2934 sau.

74 2989 239 3049 1.Inv1nno
269 2990 339 3048 tibi:
375 2999 435 3048 tam
465 2990 556 3048 multa
587 2990 724 3067 quotidie,
754 3009 828 3068 quae
859 2992 971 3062 mirere,

40 3087 102 3147 istoc
123 3089 320 3166 perferuntur:
352 3091 478 3166 primum
499 3091 577 3162 illud,
599 3092 763 3150 absolutum
785 3089 971 3161 Messallam

40 3185 134 3248 deinde
155 3190 280 3248 eundem
302 3190 548 3261 condemnatum
579 3189 612 3248 C.
628 3189 800 3249 Marcellum
821 3189 973 3248 consulem

42 3283 154 3356 lactum;
185 3288 227 3348 M.
248 3287 393 3348 Calidium
421 3289 458 3346 ab
486 3288 601 3364 repulsa
628 3289 806 3365 postulatum
830 3306 848 3345 a
872 3287 974 3346 Galliis

43 3381 162 3459 duobus;
184 3385 216 3444 P.
231 3385 414 3445 Dolabellam
432 3405 477 3444 xv.
492 3387 584 3445 virum
602 3386 718 3446 lactum.
761 3385 829 3444 Hoc
847 3385 898 3443 tibi
913 3401 974 3442 non

44 3479 154 3556 invideo,
178 3485 305 3544 caruisse
333 3497 362 3544 te
390 3485 583 3561 pulcherrimo
612 3485 780 3563 spectaculo
804 3494 833 3543 et
860 3482 975 3542 Lentrdi
