2454 3842
57 215 155 277 ap.57‚
170 201 226 284 5s.]
240 213 353 267 rerer.
376 215 426 264 Aa
446 215 614 266 arricum
636 215 714 263 vm.
742 217 779 286 15
802 216 836 264 A.
950 224 1009 290 ¹43

57 365 102 429 iis,
129 365 180 441 qui
208 384 275 424 eum
303 367 430 425 maxime
458 368 621 438 timuerant,
645 367 772 425 maxime
800 366 939 444 diligetur.
984 388 1010 426 a.

57 462 189 521 Multum
209 483 325 523 mecum
345 465 535 543 municipales
554 465 689 524 homines
708 465 873 540 loquuntur,
888 464 1010 524 multum

56 562 212 620 rusticani:
248 562 319 620 nihil
351 582 469 639 prorsus
503 563 580 621 aliud
615 571 716 622 curant
746 563 801 620 nisi
830 581 926 639 agros,
955 565 1010 622 nisi

56 659 179 731 villulas,
194 660 251 718 nisi
264 662 432 720 nummulos
447 680 525 720 suos
566 661 605 720 Et
619 661 693 732 vide,
705 679 794 737 quam
809 678 950 720 conversa
964 681 1010 720 res

57 759 112 828 sit;
136 757 226 829 illum,
241 777 301 834 quo
323 769 409 818 antea
430 760 626 830 confidebant,
646 768 787 830 metuunt,
802 758 880 818 hunc
902 769 1009 830 amant,

56 875 150 932 quem
184 857 333 915 timebant.
378 856 414 916 Id
442 859 558 934 quantis
586 858 694 916 nostris
722 857 849 933 peccatis
877 857 1009 933 vitiisque

56 954 196 1024 evenerit,
206 972 267 1012 non
282 972 403 1031 possum
418 956 481 1013 sine
494 957 630 1014 molestia
644 957 780 1030 cogitare.
816 954 901 1026 Quae
913 965 1009 1013 autem

54 1052 229 1128 impendere
247 1064 387 1128 putarem,
403 1054 576 1130 scripseram
596 1054 634 1112 ad
653 1064 689 1125 te,
704 1063 732 1112 et
747 1055 806 1113 iam
821 1064 885 1113 tuas
900 1054 1010 1112 litteras

56 1152 279 1228 exspectabam.

241 1259 287 1316 aa.
331 1257 389 1316 ao
411 1257 606 1319 arricum
627 1258 832 1334 v111.15A.

274 1369 276 1376 ’
319 1375 428 1416 ananus
449 1376 583 1417 crcunour
604 1377 664 1418 rua.
685 1377 747 1417 saa.

104 1485 129 1523 r.
154 1463 289 1524 Orsucao
309 1472 346 1535 te,
362 1462 474 1535 Cicero,
495 1466 609 1541 suscipe
630 1484 729 1524 curam
751 1475 779 1523 et
801 1465 1009 1540 cogitationem

56 1560 262 1636 dignissimam
290 1567 356 1617 tuae
384 1559 501 1630 virtutis
531 1570 562 1617 ut
590 1560 748 1619 Caesarem
779 1570 808 1618 et
836 1559 1010 1635 Pompeium

55 1657 182 1736 perfidia
200 1656 354 1714 hominum
374 1657 527 1716 distractos
546 1676 644 1716 rursus
665 1659 695 1716 in
715 1658 866 1734 pristinam
888 1675 1010 1716 concor-

57 1759 142 1816 diam
162 1755 292 1813 reducas
334 1753 428 1813 Crede
449 1755 519 1813 mihi
539 1756 696 1815 Caesarem
716 1774 776 1814 non
798 1756 893 1814 solum
912 1757 942 1813 in
962 1765 1011 1813 tua

56 1861 214 1932 potestate,
230 1853 282 1912 sed
297 1853 384 1910 etiam
406 1854 567 1913 maximum
588 1854 763 1914 beneficium
782 1864 810 1912 te
825 1854 880 1913 sibi
895 1853 1010 1912 dedisse

41 1947 262 2021 ¹iudicaturum,
291 1951 315 2008 si
339 1951 396 2009 huc
423 1961 451 2010 te
479 1953 580 2012 reiicis.
622 1952 719 2011 Velim
746 1953 825 2011 idem
853 1952 1010 2026 Pompeius

56 2051 156 2121 faciat,
172 2049 221 2126 qui
242 2057 273 2106 ut
293 2048 398 2108 adduci
418 2049 467 2107 tali
488 2060 620 2127 tempore
635 2051 673 2109 ad
694 2051 783 2108 ullam
805 2050 1010 2108 condicionem

56 2147 163 2226 possit,
186 2147 279 2222 magis
300 2156 372 2224 opto
393 2166 482 2224 quarn
503 2166 607 2224 spero;
630 2147 690 2218 sed,
712 2167 780 2206 cum
802 2146 960 2206 constiterit
981 2152 1010 2202 et

56 2249 164 2305 timere
178 2245 301 2315 desierit,
316 2255 378 2302 tum
398 2245 535 2322 incipiam
549 2263 610 2303 non
625 2246 778 2322 desperare
793 2255 873 2303 tuam
887 2244 1010 2302 auctori-

57 2355 151 2403 tatem
166 2343 321 2419 plurimum
336 2343 415 2419 apud
429 2361 497 2401 eum
508 2342 664 2401 valituram.
711 2363 736 2401 a.
752 2342 842 2416 Quod
854 2341 1011 2400 Lentulum

59 2437 242 2522 [consulem]
259 2459 370 2504 ,meum
398 2441 511 2498 voluisti
537 2440 585 2498 hic
613 2459 770 2512 remanere,
801 2439 918 2500 Caesari
946 2456 1010 2514 gra-

57 2553 134 2612 tum,
157 2539 228 2597 mihi
253 2557 321 2598 vero
343 2539 540 2613 gratissimum
560 2539 675 2596 medius
696 2539 781 2598 fidius
803 2537 911 2610 fecisti;
941 2555 1011 2594 narn

57 2640 143 2698 illum
157 2638 229 2696 tanti
242 2636 328 2707 faei0,
342 2645 374 2694 ut
393 2654 455 2694 non
469 2634 627 2696 Caesarem
646 2637 740 2712 magis
755 2637 891 2712 diligam;
915 2636 964 2711 qui
986 2636 1011 2694 si

56 2754 167 2815 passus
177 2744 253 2793 esset
267 2752 322 2793 nos
334 2752 442 2804 secum,
451 2743 483 2792 ut
498 2752 750 2806 consueveramus,
764 2734 845 2812 loqui
859 2743 888 2792 et
902 2752 963 2791 non
978 2752 1010 2791 se

56 2845 157 2894 toturn
171 2834 258 2892 etiam
272 2842 300 2892 et
314 2833 401 2890 etiam
420 2832 458 2890 ab
473 2851 607 2891 sermone
622 2842 723 2891 nostro
741 2833 898 2904 avertisset,
913 2833 1010 2891 minus

57 2935 158 3003 miser,
173 2949 262 3008 quarn
281 2950 354 3002 sum,
370 2949 474 2990 essem.
517 2931 596 2989 Nam
617 2949 688 2990 eave
706 2940 791 3006 putes
808 2930 865 2988 hoc
878 2938 1010 3006 ternpore

57 3033 128 3109 plus
149 3050 196 3088 me
218 3047 395 3109 quemquam
416 3029 544 3100 cruciari,
566 3029 646 3106 quod
667 3047 743 3100 eum,
766 3047 854 3108 quem
874 3036 941 3086 ante
962 3046 1011 3086 me

57 3131 161 3206 diligo,
174 3129 259 3188 video
273 3129 303 3186 in
319 3128 472 3187 consulatu
483 3128 595 3204 quidvis
609 3127 706 3203 potius
721 3145 785 3186 esse
800 3145 888 3203 quam
903 3144 1010 3184 consu-

57 3231 130 3288 lem.
172 3226 301 3300 Quod-si
319 3226 439 3285 voluerit
457 3227 508 3284 tibi
527 3227 726 3301 obtemperare
741 3233 770 3282 et
784 3225 869 3282 nobis
884 3224 922 3283 de
936 3224 1010 3282 Cae·

58 3345 127 3388 sare
151 3327 269 3385 credere
294 3335 323 3384 et
347 3326 531 3384 consulatum
556 3324 698 3400 reliquum
723 3322 838 3381 Romae
862 3339 1009 3398 peragere,

57 3424 199 3501 incipiam
221 3441 336 3502 sperare
358 3425 445 3482 etiam
468 3421 589 3481 consilio
615 3430 740 3494 senatus,
763 3429 882 3480 auctore
904 3429 941 3488 te,
962 3417 1010 3474 illo
