2454 3842
53 232 173 314 ream]
268 244 383 294 rrrsr.
406 246 456 295 Aa
477 247 700 296 ranrrrnrras
723 247 746 294 r.
770 252 800 318 9.
970 233 1009 297 81

52 396 149 454 etiarn
160 395 262 454 virium
277 405 305 454 et
319 396 426 457 coloris
439 398 584 457 rationem
602 397 709 456 habere
724 396 900 457 voluissent:
922 416 1010 470 nunc,

51 504 90 552 ut
111 495 232 570 Apelles
252 494 377 554 Veneris
399 507 535 573 caputet
556 515 670 556 summa
689 498 817 572 pectoris
838 497 1011 572 politissima

53 601 121 650 arte
136 592 265 669 perfecit,
280 595 419 671 reliquam
434 607 547 671 partem
561 597 692 673 corporis
705 595 873 655 inchoatam
887 595 1010 672 reliquit,

54 693 101 749 sic
131 692 250 768 quidam
277 693 412 753 homines
435 696 465 754 in
489 697 583 771 capite
604 713 672 754 meo
700 694 796 752 solum
817 695 1009 765 elaborarunt,

52 789 203 866 reliquum
228 809 334 870 corpus
362 794 563 870 imperfectum
585 813 619 853 ac
640 794 712 852 rude
733 794 916 870 reliquerunt.
963 795 1010 851 16.

54 890 96 946 In
110 907 173 964 quo
188 907 245 966 ego
260 909 343 967 spem
363 892 448 952 fefelli
468 913 530 953 non
550 893 642 952 modo
660 892 835 962 invidorum,
850 891 903 949 sed
921 891 1010 949 etiarn

55 989 245 1048 inimicorum
265 1008 406 1063 meorum,
429 993 478 1068 qui
500 992 537 1050 de
557 1010 618 1050 uno
640 991 781 1050 acerrimo
803 1000 831 1048 et
851 989 1009 1048 fortissimo

54 1088 122 1145 viro
137 1105 263 1165 meoque
282 1090 389 1148 iudicio
411 1092 544 1149 omnium
565 1089 766 1166 magnitudine
787 1089 876 1147 animi
895 1097 923 1147 et
937 1105 1008 1146 con·

55 1187 168 1244 stantia
188 1191 437 1264 praestantissimo
459 1189 497 1262 Q.
513 1189 632 1248 Metello
649 1187 683 1246 L.
699 1188 718 1247 f.
733 1187 885 1264 quondam
905 1185 1009 1244 falsam

55 1286 232 1360 opinionem
246 1299 429 1364 acceperunt,
441 1307 530 1366 quem
548 1298 617 1364 post
633 1288 758 1346 reditum
773 1287 902 1345 dictitant
915 1284 1008 1343 fracto

55 1386 162 1442 animo
184 1395 213 1452 et
234 1387 362 1446 demisso
383 1387 488 1458 fuisse;
513 1382 569 1468 [est
589 1404 659 1444 vero
679 1379 887 1465 probandum]
909 1384 959 1460 qui
980 1391 1009 1441 et

56 1502 178 1542 summa
204 1485 350 1544 voluntate
380 1487 498 1545 cesserit
531 1497 560 1544 et
592 1486 708 1563 egregia
741 1484 831 1543 animi
863 1483 1008 1541 alacritate

55 1582 164 1640 afuerit
185 1601 280 1660 neque
302 1602 372 1643 sane
388 1585 481 1644 redire
502 1585 615 1655 curarit,
629 1603 697 1642 eum
719 1585 758 1641 ob
775 1583 805 1640 id
823 1583 921 1658 ipsum
935 1575 1009 1637 frac-

54 1690 122 1738 tum
149 1679 245 1752 fuisse,
267 1681 297 1738 in
319 1701 379 1758 quo
404 1700 472 1741 curn
494 1701 599 1742 omnes
621 1682 757 1740 homines
778 1691 841 1739 tum
863 1679 905 1736 M.
928 1667 1008 1736 illurn

56 1779 204 1837 Scaurum
218 1780 394 1867 singularem
413 1781 505 1838 virum
524 1782 687 1840 constantia
705 1790 733 1838 et
754 1779 891 1856 gravitate
909 1793 1008 1851 super·
1090 1807 1094 1816 ·

55 1883 156 1939 asset!
178 1880 239 1949 sed,
253 1881 335 1954 quod
349 1881 385 1938 de
399 1879 449 1938 illo
463 1890 635 1957 acceperant
649 1889 698 1938 aut
718 1881 805 1938 etiam
820 1874 1010 1952 suspicaban-

56 1990 112 2046 tur,
129 1977 167 2036 de
181 1995 229 2036 me
249 1978 327 2036 idem
341 1979 516 2054 cogitabant,
532 1979 685 2037 abiectiore
700 1979 799 2036 animo
818 1994 866 2033 me
881 1974 1009 2032 futurum

56 2094 128 2135 cum
153 2094 200 2135 res
227 2077 344 2152 publica
371 2078 511 2134 maiorem
539 2078 626 2136 etiam
654 2077 725 2135 mihi
753 2076 891 2144 animum,
918 2086 1008 2146 quam

55 2192 201 2251 umquam
220 2175 396 2246 habuissem,
411 2175 499 2244 daret,
514 2194 582 2234 curn
602 2175 775 2234 declarasset
796 2191 827 2231 se
846 2189 907 2230 non
922 2177 1007 2244 potu·

56 2275 116 2332 isse
132 2291 180 2330 me
194 2291 253 2330 uno
268 2275 322 2331 civi
343 2293 458 2346 carere;
482 2292 607 2350 cumque
625 2273 777 2332 Metellum
794 2272 881 2330 unius
902 2261 1009 2324 tribuni

57 2373 97 2448 pl.
121 2372 244 2448 rogati0,
264 2391 312 2430 me
330 2374 463 2430 universa
482 2390 529 2430 res
550 2372 673 2448 publica,
693 2372 766 2430 duee
789 2377 899 2438 senatu,
915 2361 1007 2422 comi·

56 2480 140 2529 tante
160 2471 252 2541 Italia,
267 2471 519 2548 promulgantibus
539 2482 608 2530 octo
628 2473 758 2536 tribunis,
774 2469 916 2529 referente
935 2480 1007 2521 con·

58 2572 121 2630 sule
140 2570 264 2629 comitiis
278 2570 453 2641 centuriatis,
468 2571 580 2629 eunctis
597 2571 756 2640 ordinibus,
775 2566 942 2628 hominibus
963 2563 1007 2619 in-

57 2669 273 2740 cumbentibus,
287 2670 424 2728 omnibus
439 2669 565 2745 denique
585 2671 643 2728 suis
656 2670 763 2727 viribus
781 2664 1005 2743 reciperavisset.

62 2783 107 2842 17.
132 2767 238 2844 Neque
266 2786 335 2826 vero
365 2786 421 2844 ego
444 2767 514 2825 mihi
543 2779 645 2845 postea
673 2769 830 2844 quiequam
858 2760 1008 2837 adsumpsi

59 2886 156 2944 neque
169 2867 258 2926 hodie
272 2867 405 2938 adsumo,
417 2867 497 2944 quod
510 2886 688 2944 quemquam
702 2867 1007 2926 malevolentissimum

58 2967 119 3025 iure
145 2966 238 3042 possit
261 2966 427 3024 offendere:
458 2977 571 3024 tantum
599 2968 699 3038 enitor,
724 2976 757 3024 ut
784 2984 880 3042 neque
907 2965 1009 3023 amicis

59 3083 156 3141 neque
178 3065 265 3123 etiam
288 3064 472 3123 alienioribus
500 3083 599 3140 opera,
620 3065 752 3136 consilio,
776 3064 876 3123 labore
905 3063 1007 3122 desim.

58 3161 117 3222 Hic
140 3181 224 3221 meae
249 3163 323 3222 vitae
342 3181 443 3222 cursus
465 3163 587 3221 offendit
608 3183 660 3222 eos
679 3164 811 3234 sortasse,
836 3164 885 3240 qui
911 3162 1007 3238 splen-

58 3263 161 3321 dorem
175 3273 205 3320 et
219 3262 347 3339 speciem
361 3262 446 3321 huius
460 3264 534 3321 vitae
549 3264 703 3332 intuentur,
719 3264 941 3322 sollicitudinem
956 3281 1006 3320 au·

58 3372 117 3420 tem
146 3371 175 3420 et
202 3361 334 3421 laborem
364 3361 529 3437 perspicere
557 3381 619 3421 non
646 3373 778 3439 possunt.
835 3363 911 3420 Illud
938 3379 1007 3420 vero

59 3479 119 3519 non
140 3461 266 3520 obscure
288 3471 454 3536 queruntur,
473 3461 504 3518 in
518 3462 592 3520 meis
606 3463 765 3534 sententiis,
780 3463 886 3538 quibus
904 3477 1008 3519 ornem

522 3579 542 3620 o
