2432 3844
188 235 230 304 54
467 231 504 282 Μ.
527 230 648 280 curan
668 231 854 281 orcnxonrs
1012 213 1089 304 [Pars.
1103 233 1133 280 11.

189 401 291 450 senatu
308 379 505 449 arictoritatem
524 400 552 449 et
573 387 651 466 apud
671 390 746 448 viros
767 390 862 447 bonos
883 389 1004 465 gratiam
1024 389 1130 466 magis,

189 507 277 566 quam
296 497 472 565 optaramus
487 487 636 546 consecuti
650 505 765 560 sumus;
788 487 818 544 in
832 505 862 545 re
878 497 974 546 autem
989 487 1129 557 familiari,
1199 487 1200 512 ¹

189 605 263 665 quae
282 605 369 663 quem
390 585 427 645 ad
448 585 570 644 modum
590 585 688 656 fracta,
709 585 854 660 dissipata,
872 587 982 663 direpta
1004 587 1048 656 sit,
1067 603 1129 643 non

189 689 312 764 ignoras,
328 684 408 743 valde
427 684 591 742 laboramus
610 693 781 760 tuarumque
800 693 936 742 nontam
951 684 1129 752 facultatum,

189 804 261 863 quas
275 802 332 860 ego
347 792 460 841 nostras
478 799 542 840 esse
559 780 664 852 iudico,
680 799 769 858 quam
788 782 974 840 consiliorum
993 781 1031 840 ad
1050 781 1130 840 colli·
1200 770 1201 804 l

189 884 298 961 gendas
313 891 341 940 et
358 878 575 939 constituendas
595 879 729 954 reliquias
750 889 864 938 nostras
884 881 1057 956 indigemus.
1103 900 1128 951 4.

189 980 284 1052 Nunc,
299 980 351 1038 etsi
366 979 465 1036 omnia
479 987 527 1036 aut
541 978 647 1053 scripta
660 995 725 1037 esse
739 996 757 1036 a
770 978 826 1036 tuis
841 978 961 1037 arbitror
975 988 1024 1037 aut
1041 979 1128 1037 etiam

189 1081 295 1140 nuntiis
307 1097 341 1138 ae
352 1095 468 1135 rumore
480 1075 598 1153 perlata,
608 1087 707 1134 tamen
721 1095 756 1135 ea
771 1077 895 1135 scribam
909 1077 996 1148 brevi,
1009 1095 1085 1153 quae
1100 1087 1127 1136 te
1201 1052 1202 1104 l

189 1188 260 1255 puto
283 1176 466 1254 potissimum
487 1193 523 1233 ex
544 1175 617 1232 meis
638 1175 738 1233 litteris
758 1175 830 1233 velle
852 1193 1038 1252 cognoscere.
1083 1176 1126 1234 Pr.

188 1273 291 1332 Nonas
304 1270 423 1328 Sextiles
434 1267 614 1345 Dyrrhachio
627 1287 691 1328 sum
702 1268 858 1345 profectus,
868 1271 933 1346 ipso
945 1270 994 1329 illo
1007 1271 1062 1341 die,
1069 1289 1128 1346 quo

187 1374 233 1431 lex
248 1379 291 1428 est
303 1369 360 1426 lata
375 1366 411 1425 de
425 1367 525 1435 nobis;
548 1365 734 1424 Brundisium
752 1367 819 1424 veni
837 1366 933 1426 Nonis
954 1368 1127 1428 Sextilibus:

187 1471 228 1528 ibi
241 1467 312 1526 mihi
327 1465 452 1525 Tulliola
466 1483 532 1524 mea
546 1464 599 1523 fuit
612 1475 728 1541 praesto
743 1465 828 1523 natali
849 1481 904 1524 suo
922 1467 987 1542 ipso
1008 1467 1063 1540 die,
1079 1470 1128 1544 qui

189 1585 256 1628 casu
277 1566 355 1623 idem
376 1564 478 1622 natalis
499 1571 559 1622 erat
583 1573 612 1621 et
634 1562 826 1622 Brundisinae
850 1564 984 1624 coloniae
1009 1575 1038 1623 ct
1062 1577 1128 1626 tuae

87 1671 91 1684 '
189 1666 299 1724 vicinae
333 1662 456 1734 Salutis;
491 1680 567 1737 quae
594 1679 641 1720 res
669 1661 870 1721 animadversa
897 1681 916 1720 α
943 1663 1127 1724 multitudine

189 1780 302 1823 summa
320 1759 559 1819 Brundisinorum
578 1759 769 1835 gratulatione
790 1759 934 1818 celebrata
954 1771 1008 1820 est.
1050 1763 1126 1821 Ante

188 1861 265 1920 diem
288 1877 325 1916 vr.
345 1857 415 1916 Idus
438 1857 558 1916 Sextiles
582 1856 716 1932 cognovi,
734 1852 813 1935 [cum
836 1857 982 1916 Brundisii
1008 1857 1125 1940 essem]

189 1957 287 2016 litteris
316 1954 427 2028 Quinti,
456 1955 578 2015 mirifico
607 1954 702 2013 studio
730 1954 861 2012 omnium
889 1965 1016 2014 aetatum
1041 1968 1127 2036 atque

188 2055 330 2125 ordinum,
345 2054 503 2113 incredibili
522 2071 665 2113 concursu
683 2052 782 2110 Italiae
800 2052 896 2128 legem
915 2055 1038 2116 comitiis
1059 2077 1125 2117 cen-

188 2155 296 2214 turiatis
319 2171 383 2212 esse
406 2152 562 2230 perlatam:
588 2152 656 2211 inde
678 2169 695 2210 a
715 2150 896 2209 Brundisinis
917 2151 1127 2214 honestissimis

187 2263 305 2325 omatus
319 2254 372 2312 iter
386 2253 425 2310 ita
443 2251 507 2323 feci,
522 2261 553 2309 ut
570 2250 699 2325 undique
718 2248 757 2308 ad
779 2267 827 2306 me
849 2268 916 2309 cum
935 2245 1126 2326 gratulatione

186 2350 274 2428 legati
288 2351 483 2410 convenerint.
525 2364 550 2424 5.
572 2349 624 2408 Ad
636 2349 738 2406 urbem
751 2347 790 2405 ita
804 2347 877 2418 veni,
889 2357 921 2406 ut
935 2367 1023 2408 nemo
1043 2353 1126 2413 ullius

187 2450 296 2509 ordinis
310 2449 400 2507 homo
415 2447 624 2507 nomenclatori
638 2455 725 2505 notus
744 2445 837 2516 fuerit,
852 2447 902 2521 qui
921 2447 992 2504 mihi
1011 2451 1126 2511 obviam
1147 2451 1149 2456 ’

187 2565 248 2606 non
272 2547 389 2617 venerit,
411 2556 524 2622 praeter
548 2564 600 2605 eos
623 2545 765 2616 inimicos,
785 2544 889 2621 quibus
914 2545 944 2603 id
964 2546 1062 2622 ipsum
1085 2546 1127 2630 [se

187 2645 321 2703 inimicos
345 2640 423 2723 csse]
449 2663 509 2702 non
534 2644 632 2705 liceret
655 2652 704 2702 aut
728 2643 907 2702 dissimulare
935 2654 985 2703 aut
1011 2665 1128 2724 negare.

188 2743 265 2802 Cum
285 2743 429 2801 venissem
451 2743 488 2801 ad
509 2752 624 2820 portam
645 2741 805 2818 Capenam,
824 2742 932 2817 gradus
952 2745 1127 2820 templorum

188 2843 225 2900 ab
239 2840 339 2898 infima
352 2840 436 2916 plebe
450 2840 588 2918 completi
602 2851 692 2913 erant,
703 2859 721 2898 a
732 2858 790 2916 qua
800 2841 903 2915 plausu
917 2842 1046 2902 maximo
1060 2864 1128 2904 cum

187 2949 263 2998 esset
285 2938 355 2996 mihi
377 2938 528 3016 gratulatio
554 2939 721 3015 significata,
743 2940 841 2998 similis
866 2949 894 2998 ct
918 2939 1080 3016 frequentia
1100 2955 1128 3004 et

187 3037 305 3113 plausus
319 3054 366 3094 me
380 3053 472 3111 usquc
486 3035 524 3094 ad
543 3035 719 3112 Capitolium
736 3036 894 3108 celebravit,
909 3037 939 3095 in
958 3038 1082 3114 foroque
1101 3051 1129 3100 et

187 3135 303 3209 inipso
327 3132 472 3210 Capitolio
496 3133 628 3194 miranda
653 3135 807 3194 multitudo
831 3134 892 3193 fuit.
933 3135 1076 3196 Postridie
1097 3139 1127 3197 in

189 3244 298 3304 senatu,
313 3233 362 3309 qui
376 3232 428 3291 fuit
450 3233 511 3292 dies
531 3231 684 3292 Nonarum
706 3232 875 3311 Septembr,
891 3234 1002 3293 senatui
1020 3237 1128 3310 gratias

189 3331 308 3406 egimus.
341 3333 367 3389 6.
382 3330 427 3388 Eo
439 3330 528 3390 biduo
540 3349 607 3389 cum
618 3340 694 3390 esset
704 3348 839 3390 annonae
854 3349 967 3390 summa
981 3333 1086 3392 caritas
1100 3347 1128 3394 et

188 3427 322 3488 homines
336 3429 373 3488 ad
387 3428 529 3488 theatrum
547 3428 651 3503 primo,
667 3427 772 3486 deinde
794 3428 832 3486 ad
852 3441 986 3488 senatum
1005 3447 1127 3490 concur·
