2454 3842
202 217 242 286 82
473 229 511 282 rr.
537 229 661 278 rnrrrr
683 228 872 278 crosnorrrs
1035 215 1105 300 [rm
1120 233 1149 280 n.

201 381 367 452 Caesarem,
379 380 461 458 quasi
473 381 635 441 desciscere
650 398 698 439 me
712 400 730 438 a
744 380 866 457 pristina
879 395 974 439 causa
1017 379 1087 456 Ego
1101 400 1149 441 au·

201 490 262 539 tem
277 499 344 540 cum
358 481 406 540 illa
424 499 541 558 sequor,
556 499 631 557 quae
649 481 738 557 paulo
758 489 825 540 ante
843 481 994 556 proposui,
1009 489 1074 538 tum
1095 482 1149 540 hoc

201 596 263 638 non
273 580 304 637 in
318 580 482 655 postremis,
494 579 531 638 de
546 596 606 654 quo
621 596 776 654 coeperam
787 597 942 655 exponere.
972 578 1044 637 Non
1058 580 1150 638 offen·
1210 619 1211 622 η

203 679 255 738 des
267 679 391 738 eundem
402 681 550 738 bonomm
561 696 688 750 sensum,
700 678 831 750 Lentule,
841 697 929 756 quem
943 678 1092 754 reliquisti,
1104 680 1151 755 qui

204 777 394 836 confirmatus
409 777 561 836 consulatu
575 785 685 842 nostro,
699 796 754 834 non
773 795 933 853 numquam
946 786 1052 852 postea
1066 779 1152 835 inter-

203 885 314 952 ruptus,
328 877 461 935 adflictus
480 884 547 933 ante
567 884 595 933 te
615 876 775 947 consulem,
789 883 935 933 recreatus
954 876 1059 947 abste,
1075 885 1152 935 totus

204 983 248 1033 est
261 993 339 1034 nunc
354 977 392 1034 ab
407 977 450 1047 iis,
466 993 483 1033 a
497 975 602 1051 quibus
616 973 743 1034 tuendus
758 972 858 1045 iuerat,
873 973 1027 1032 derelictus
1035 993 1043 1045 ;
1065 973 1153 1050 idque

205 1090 266 1130 non
287 1075 381 1132 solum
402 1074 497 1133 fronte
517 1083 604 1150 atque
625 1073 713 1144 voltu,
728 1073 833 1149 quibus
854 1071 999 1130 simulatio
1020 1071 1154 1132 facillime

205 1172 369 1243 sustinetur,
386 1172 531 1231 declarant
544 1172 572 1243 ii,
586 1171 636 1247 qui
652 1179 715 1229 tum
728 1178 830 1228 nostro
845 1169 894 1228 illo
908 1179 985 1228 statu
999 1171 1154 1246 optimates

205 1269 438 1341 nominabantur,
460 1271 512 1329 sed
534 1270 620 1334 etiam
642 1268 783 1327 sententia
803 1286 891 1344 saepe
911 1268 970 1326 iam
992 1270 1155 1346 tabellaque

207 1366 376 1425 docuerunt.
422 1371 472 1426 18..
489 1367 592 1444 Itaque
609 1377 670 1426 tota
688 1367 747 1425 iam
766 1367 940 1443 sapientium
954 1368 1070 1439 civium,
1084 1387 1155 1444 qua-

206 1463 265 1521 lem
279 1482 327 1522 me
342 1475 371 1523 et
384 1483 449 1525 esse
466 1477 496 1526 et
513 1466 658 1525 numerari
672 1466 749 1538 v010,
771 1474 800 1524 et
816 1468 959 1524 sententia
974 1476 1003 1524 et
1020 1467 1156 1526 voluntas

207 1572 318 1621 mutata
339 1582 404 1622 esse
426 1566 531 1638 debet3
553 1566 583 1623 id
603 1566 682 1624 enim
700 1565 780 1623 iubet
798 1565 877 1624 idem
895 1564 943 1622 ille
959 1564 1053 1636 Plato,
1068 1583 1155 1642 quem

207 1678 265 1736 ego
286 1661 471 1721 vehementer
493 1673 641 1722 auctorem
663 1681 776 1739 sequor,
792 1672 905 1720 tantum
926 1663 1106 1723 contendere
1127 1665 1155 1721 in

208 1777 240 1816 re
267 1761 394 1836 publica,
419 1772 562 1839 quantum
586 1762 710 1839 probare
735 1763 791 1820 tuis
816 1762 925 1840 civibus
948 1764 1068 1838 possis3
1100 1764 1156 1820 vim

208 1875 304 1933 neque
319 1845 431 1934 parenti
447 1879 501 1920 nec
520 1861 630 1936 patriae
649 1859 762 1918 adferre
783 1870 927 1935 oportere.
968 1860 1070 1936 Atque
1083 1859 1157 1918 hanc

208 1957 327 2033 quidem
342 1959 388 2016 ille
403 1977 522 2018 causam
544 1958 599 2017 sibi
619 1959 658 2016 ait
678 1976 738 2016 non
756 1958 942 2033 attingendae
961 1959 1003 2016 rei
1023 1959 1156 2035 publicae

208 2055 306 2128 luisse,
318 2058 406 2134 quod,
418 2076 486 2116 cum
500 2057 670 2116 offendisset
682 2056 826 2132 populum
838 2055 1050 2116 Atheniensem
1065 2077 1157 2135 prope

208 2156 268 2216 iam
292 2156 484 2232 desipientem
512 2165 668 2227 senectute,
695 2149 835 2235 [cumque
863 2173 931 2212 eum
958 2173 1014 2214 nec
1038 2175 1156 2232 persua·

211 2254 308 2314 dendo
329 2273 384 2314 nec
407 2255 542 2331 cogendo
563 2254 623 2329 regi
644 2271 732 2330 posse
746 2247 885 2334 vidisset]
901 2271 969 2311 cum
988 2256 1156 2330 persuaderi

210 2371 297 2428 posse
310 2354 458 2425 diffideret,
474 2355 540 2429 cogi
554 2352 598 2411 sas
612 2369 676 2411 esse
690 2369 752 2410 non
767 2352 957 2410 arbitraretur.
999 2353 1073 2412 Mea
1087 2355 1156 2413 ratio

210 2450 264 2509 suit
286 2452 349 2521 alia,
373 2453 454 2528 quod
475 2469 571 2527 neque
596 2450 756 2527 desipiente
780 2449 892 2526 populo
913 2467 969 2508 nec
991 2449 1107 2527 integra
1130 2471 1157 2509 re

211 2549 282 2606 mihi
297 2549 334 2618 ad
348 2550 558 2608 consulendum
577 2566 798 2624 capesseremne
817 2566 878 2606 rem
897 2548 1045 2623 publicam
1067 2550 1158 2626 impli-

213 2655 295 2704 catus
310 2648 443 2720 tenebar;
467 2648 518 2707 sed
537 2648 658 2706 laetatus
677 2656 775 2704 tamen
795 2663 866 2716 sum,
883 2646 963 2722 quod
978 2647 1048 2704 mihi
1063 2648 1160 2706 liceret

212 2743 243 2801 in
257 2744 360 2804 eadem
375 2764 463 2805 causa
477 2757 506 2804 et
527 2745 597 2804 mihi
611 2745 690 2803 utilia
711 2753 740 2803 et
759 2745 848 2803 cuivis
867 2746 947 2803 bono
967 2754 1046 2804 recta
1060 2745 1160 2805 delen·

214 2842 290 2902 dere.
333 2842 402 2902 Huc
423 2845 545 2903 accessit
566 2842 827 2901 commemoranda
848 2843 993 2918 quaedam
1014 2854 1043 2901 et
1065 2845 1162 2903 divina

214 2938 346 3000 Caesaris
367 2942 397 3000 in
418 2961 466 3000 me
487 2942 662 3018 fratremque
682 2959 782 2999 meum
803 2940 977 2999 liberalitas:
1008 2941 1060 3016 qui
1081 2942 1161 3013 mihi,

214 3057 412 3116 quascumque
435 3057 481 3098 res
506 3050 627 3120 gereret,
650 3040 776 3099 tuendus
800 3048 878 3098 esset
889 3058 898 3112 3
930 3039 1062 3098 nuncin
1083 3049 1164 3099 tanta

214 3137 348 3197 felicitate
362 3140 506 3215 tantisque
521 3139 654 3209 victoriis
669 3139 756 3197 etiam
774 3138 799 3196 si
819 3139 850 3196 in
870 3156 925 3197 nos
947 3156 1009 3196 non
1029 3137 1055 3197 is
1077 3151 1163 3208 esset,

215 3237 264 3312 qui
287 3247 338 3309 est,
361 3247 459 3296 tamen
484 3237 632 3296 ornandus
653 3237 805 3296 videretur.
848 3235 895 3295 Sic
916 3236 995 3295 enim
1016 3246 1046 3295 te
1067 3238 1164 3298 existi·

214 3353 294 3394 mare
309 3335 402 3406 velim,
425 3353 493 3394 cum
513 3353 530 3394 a
548 3336 631 3392 vobis
650 3353 734 3393 meae
752 3334 851 3394 salutis
870 3335 1037 3395 auctoribus
1055 3334 1163 3396 disces·

216 3433 311 3503 serim,
323 3432 471 3490 neminem
486 3447 558 3502 esse,
571 3431 652 3488 cuius
666 3430 767 3490 officiis
781 3448 829 3488 me
844 3439 905 3489 tarn
918 3449 982 3491 esse
996 3431 1163 3492 devinctum
