2452 3842
70 203 107 262 sp.
121 185 168 266 sn]
257 194 370 247 rerer.
393 195 443 242 An
464 193 688 242 murmanus
710 193 771 242 vrr.
797 199 827 264 3.
939 199 996 262 191

69 368 126 430 est;
154 375 200 414 cur
220 364 362 432 optarem,
383 354 491 412 multae
512 369 617 410 causae
636 369 644 424 3
666 360 747 409 vetus
772 360 816 409 est
840 351 927 422 enim,
950 352 1001 409 ubi

69 474 124 514 non
145 457 179 514 sis
204 456 253 532 qui
274 454 371 524 fueris,
392 471 454 512 non
479 470 544 511 esse
567 469 618 510 cur
638 450 709 509 velis
729 451 832 509 vivere.
876 450 935 509 Sed
959 461 1001 510 ta-

68 572 132 612 men
143 571 239 611 vacare
258 553 344 628 culpa
362 569 503 628 magnum
521 559 565 610 est
582 550 732 620 solacium,
747 551 916 626 praesertim
934 570 1001 610 cum

68 653 180 710 habeam
201 651 274 710 duas
295 669 349 721 res,
371 651 476 726 quibus
496 667 545 708 me
566 658 732 718 sustentem,
755 649 929 724 optimarum
958 671 1002 710 ar·

66 751 134 809 tium
159 751 306 809 scientiam
327 759 356 807 et
376 749 569 806 maximarum
587 765 684 806 rerum
705 747 847 822 gloriam3
880 767 1002 826 quarum

66 850 149 908 altera
170 849 241 906 mihi
263 848 329 906 vivo
353 865 514 924 numquam
542 846 686 922 eripietur,
710 846 797 904 altera
825 864 863 903 ne
887 857 1003 906 mortuo

67 948 184 1026 quidem.
227 962 253 1021 5.
277 947 361 1006 Haec
381 946 418 1005 ad
440 956 468 1005 te
490 945 592 1022 scripsi
611 946 759 1003 verbosius
778 954 807 1002 et
827 945 879 1004 tibi
897 947 1004 1006 moles·

65 1060 111 1106 tus
136 1046 181 1118 fui,
209 1047 290 1123 quod
317 1056 346 1104 te
373 1063 441 1104 cum
468 1045 534 1116 mei,
560 1054 622 1103 tum
649 1044 691 1102 rei
718 1044 850 1119 publicae
879 1049 1004 1121 cognovi

65 1145 297 1205 amantissimum.
339 1145 452 1204 Notum
471 1145 522 1203 tibi
542 1161 631 1202 omne
650 1161 749 1201 meum
768 1145 921 1203 consilium
940 1165 1004 1206 esse

65 1244 148 1315 volui,
161 1254 192 1303 ut
207 1243 333 1320 primum
348 1243 436 1302 scires
450 1261 498 1301 me
512 1259 673 1318 numquam
687 1241 811 1301 voluisse
825 1243 890 1319 plus
905 1263 1005 1322 quem-

62 1361 150 1420 quam
168 1360 256 1418 posse
273 1361 362 1418 quarn
383 1342 548 1400 universam
569 1359 631 1399 rem
652 1340 816 1416 publicam;
837 1353 941 1418 postea
955 1364 1005 1404 au-

62 1456 123 1502 tem
142 1460 228 1518 quam
249 1441 368 1499 alicuius
388 1440 474 1516 eulpa
492 1450 605 1499 tantum
626 1439 732 1498 valeret
750 1458 834 1511 unus,
851 1452 883 1501 ut
904 1444 1007 1502 obsisti

61 1559 126 1600 non
146 1549 253 1616 posset,
274 1558 322 1598 me
343 1539 468 1598 voluisse
489 1557 614 1614 pacem,
644 1540 753 1598 amisso
775 1541 900 1600 exercitu
921 1552 949 1601 et
970 1563 1006 1602 eo

60 1642 146 1710 duce,
160 1639 190 1696 ln
209 1656 268 1715 quo
289 1655 356 1714 spes
377 1637 470 1696 suerat
488 1655 558 1709 uno,
573 1656 621 1696 me
640 1638 765 1696 voluisse
785 1640 872 1698 etiam
891 1642 1007 1719 reliquis

58 1737 197 1796 omnibus
205 1756 213 1809 ;
233 1746 390 1813 postquam
404 1753 465 1793 non
479 1736 634 1810 potuerim,
648 1736 719 1794 mihi
732 1737 787 1812 ipsi
802 1737 890 1797 finem
904 1741 1008 1800 secisse

57 1835 129 1895 belli
140 1853 148 1906 ;
170 1853 249 1893 nunc
274 1845 379 1904 autem,
403 1835 428 1892 si
449 1833 521 1892 haec
542 1834 641 1892 civitas
666 1845 717 1906 est,
741 1837 833 1893 civem
855 1856 919 1896 esse
938 1847 988 1898 'me
999 1861 1008 1913 ;

56 1935 86 1994 si
109 1950 178 2003 non,
199 1932 331 1992 exsulem
352 1950 417 1990 esse
438 1949 500 1989 non
520 1932 752 1991 incommodiore
773 1934 849 2005 loco,
872 1954 960 2012 quarn
986 1939 1010 1996 si

55 2031 203 2092 Rhodum
222 2049 264 2088 me
282 2041 331 2089 aut
349 2029 505 2108 Mytilenas
525 2030 722 2089 contulissem.
766 2033 791 2088 6.
815 2032 899 2092 Haec
914 2046 1009 2093 tecum

53 2147 163 2190 coram
190 2129 368 2201 malueram;
403 2129 456 2187 sed
484 2129 552 2204 quia
580 2128 696 2204 longius
727 2129 822 2202 fiebat,
850 2132 927 2189 volui
959 2152 1011 2209 per

51 2232 170 2290 litteras
194 2228 307 2298 eadem,
331 2237 363 2286 ut
387 2227 518 2298 haberes,
543 2227 613 2302 quid
637 2227 757 2300 diceres,
782 2229 807 2287 si
833 2231 952 2305 quando
981 2233 1011 2289 in

51 2329 272 2402 vituperatores
291 2343 375 2385 meos
394 2326 567 2398 incidisses,
589 2335 657 2384 sunt
676 2328 753 2383 enirn
768 2328 826 2404 qui,
841 2346 909 2386 curn
927 2347 1011 2389 meus

49 2425 194 2486 interitus
221 2424 292 2484 nihil
326 2424 411 2482 fuerit
436 2425 484 2482 'rei
517 2423 650 2499 publicae
681 2423 855 2500 profuturus,
885 2427 1012 2488 criminis

48 2528 130 2585 loco
159 2533 262 2600 putent
290 2541 363 2595 esse,
387 2523 469 2599 quod
496 2523 599 2595 vivam,
624 2524 729 2600 quibus
758 2542 814 2599 ego
842 2536 921 2583 certo
950 2529 1011 2586 scio

48 2643 123 2683 non
150 2623 240 2681 videri
268 2623 337 2681 satis
362 2621 470 2680 multos
495 2621 621 2697 perisse:
650 2622 708 2698 qui,
735 2623 758 2680 si
782 2640 831 2680 me
856 2624 1012 2696 audissent,

46 2721 196 2798 quamvis
223 2721 322 2797 iniqua
354 2738 436 2795 pace,
463 2720 587 2778 honeste
621 2730 718 2778 tamen
746 2720 891 2795 viverent;
926 2727 1013 2784 armis

45 2821 141 2880 enim
172 2819 330 2890 inferiores,
354 2837 415 2876 non
444 2836 532 2877 causa
559 2817 688 2878 luissent.
730 2818 832 2878 Habes
861 2822 1014 2896 epistolam

44 2919 269 2979 verbosiorem
291 2918 422 2989 fortasse,
446 2935 536 2993 quam
560 2917 663 2976 velles:
693 2919 775 2994 quod
799 2920 849 2978 tibi
874 2921 913 2980 ita
926 2923 1016 2982 videri

43 3019 186 3099 putab0,
215 3018 271 3076 nisi
299 3016 371 3074 mihi
398 3016 561 3092 longiorem
590 3017 741 3075 remiseris.
785 3016 859 3094 Ego,
884 3021 915 3093 si,
941 3041 1015 3098 quae

41 3119 135 3190 volo,
155 3117 323 3192 expediem,
338 3115 418 3174 brevi
432 3124 564 3190 tempore
578 3124 615 3187 te,
628 3123 661 3172 ut
675 3132 770 3189 spero,
785 3115 897 3176 videbo
