2452 3842
55 208 189 291 rp.113.]
253 215 367 271 aaran.
391 220 440 267 An
462 219 685 268 murmanus
704 219 751 267 rr.
778 217 826 284 27.
924 217 1003 284 agr

54 381 127 428 ante
141 371 248 429 bellum
263 372 353 443 civile,
365 391 433 430 cum
447 372 555 432 Caesar
569 381 645 431 esset
658 371 690 428 in
701 369 811 428 Gallia:
834 366 914 445 quod
929 364 1006 422 enim

54 469 244 527 vehementer
276 470 346 529 mihi
373 471 442 529 utile
477 489 542 530 esse
569 472 692 547 putabas
728 487 782 526 nec
818 465 917 524 inutile
953 460 1008 539 ipsi

55 566 187 639 Caesari,
203 568 356 644 perfecisti,
371 581 403 627 ut
420 570 466 627 ille
487 587 535 628 me
554 569 694 644 diligeret,
710 568 825 637 coleret,
839 565 958 622 haberet
977 563 1007 618 in

55 666 127 723 suis
172 666 266 726 Multa
289 676 448 743 praetere0,
471 685 546 744 quae
569 668 749 744 temporibus
773 665 827 723 illis
852 665 926 721 inter
951 677 1007 718 nos

55 764 281 824 familiarissime
303 766 387 836 dieta,
403 767 516 843 scripta,
532 766 752 824 communicata
769 773 853 834 sunt;
875 760 1007 836 graviora

55 862 141 920 enim
162 874 320 922 consecuta
342 877 416 924 sunt.
460 885 486 940 3.
508 865 617 922 Etenim
638 865 720 922 initio
740 863 807 921 belli
828 861 917 921 civilis
938 875 1006 917 cum

56 959 248 1020 Brundisium
269 981 368 1021 versus
391 965 447 1022 ires
471 963 509 1022 ad
534 964 700 1033 Caesarem,
718 962 820 1019 venisti
845 958 883 1018 ad
904 976 952 1015 me
975 957 1006 1013 in

56 1059 258 1120 Formianum.
301 1059 430 1119 Primum
444 1061 502 1120 hoc
517 1063 614 1137 ipsum
629 1062 737 1138 quanti,
750 1058 919 1136 praesertim
933 1067 1006 1114 tem·

55 1157 181 1235 poribus
209 1158 280 1217 illis!
322 1159 439 1219 Deinde
463 1160 586 1218 oblitum
611 1179 659 1218 me
687 1169 772 1236 putas
801 1156 921 1224 consilii,
947 1172 1006 1211 ser-

55 1257 167 1328 monis,
181 1256 366 1316 humanitatis
387 1261 472 1316 tuae?
494 1259 599 1335 quibus
618 1260 707 1317 rebus
726 1259 865 1315 interesse
886 1252 1006 1312 memini

57 1356 240 1415 Trebatium.
283 1356 347 1416 Nec
372 1376 440 1416 vero
469 1377 535 1416 sum
563 1358 668 1417 oblitus
691 1357 853 1416 litterarum
881 1364 1005 1422 tuarum,

56 1472 134 1530 quas
148 1455 186 1513 ad
200 1474 246 1513 me
261 1457 372 1527 misisti,
388 1475 455 1515 cum
471 1454 589 1516 Caesari
603 1457 720 1516 obviam
734 1455 864 1514 venisses
881 1453 911 1510 in
925 1467 1007 1528 agro,

56 1565 91 1611 ut
121 1555 249 1624 arbitror,
275 1554 452 1614 Trebulano.
496 1575 522 1628 4.
546 1555 684 1615 Secutum
713 1555 782 1614 illud
809 1563 925 1630 tempus
954 1561 1006 1621 est,

56 1671 129 1710 cum
143 1671 190 1711 me
210 1653 247 1712 ad
262 1652 436 1730 Pompeium
456 1655 600 1731 proficisci
618 1656 677 1714 sive
694 1655 790 1731 pudor
808 1671 892 1712 meus
911 1653 1007 1728 coe'git

57 1752 121 1809 sive
135 1751 260 1809 officium
276 1753 334 1810 sive
349 1752 482 1811 fortuna:
505 1753 586 1830 quod
599 1754 726 1812 officium
744 1764 835 1824 tuum,
850 1751 931 1828 quod
946 1760 1005 1808 stu·

57 1850 142 1908 dium
157 1850 201 1907 vel
215 1851 245 1907 in
266 1852 417 1910 absentem
439 1870 486 1909 me
500 1852 545 1910 vel
561 1853 592 1910 in
606 1861 772 1928 praesentes
793 1869 876 1909 meos
896 1849 1006 1908 deluit?

57 1965 150 2024 quem
163 1966 251 2024 porro
266 1967 370 2008 omnes
387 1950 444 2007 mei
459 1961 487 2008 et
505 1950 578 2007 mihi
591 1960 619 2008 et
634 1951 687 2008 sibi
702 1959 730 2008 te
748 1949 918 2008 amiciorem
933 1947 1005 2006 iudi-

56 2048 216 2104 caverunt?
258 2045 336 2104 Veni
356 2046 558 2106 Bmudisium:
581 2049 741 2107 oblitumne
764 2067 811 2106 me
833 2057 927 2124 putaS,
947 2063 1005 2121 qua

56 2144 214 2216 celeritate,
228 2154 260 2202 ut
273 2146 400 2220 primum
420 2146 552 2217 audieris
569 2147 607 2204 ad
626 2161 673 2204 me
689 2146 819 2204 Tarento
842 2144 1005 2203 advolaris?

56 2261 136 2318 quae
162 2252 210 2299 tua
235 2242 319 2300 luerit
342 2243 482 2313 adsessi0,
504 2244 605 2315 orati0,
627 2244 808 2302 confirmatio
836 2243 924 2302 animi
949 2241 1007 2300 mei

56 2340 141 2399 fracti
170 2342 371 2399 communium
398 2343 577 2401 miseriarum
601 2345 703 2401 metu?
746 2357 772 2416 5.
796 2342 932 2400 Tandem
957 2340 1006 2398 ali-

57 2439 179 2516 quando
195 2438 308 2498 Romae
324 2457 387 2498 esse
403 2441 571 2517 coepimus:
592 2440 664 2517 quid
682 2441 772 2500 defuit
790 2450 907 2499 nostrae
923 2439 1005 2497 lami-

55 2537 193 2596 liaritati?
235 2537 271 2594 In
292 2538 426 2596 maximis
441 2540 527 2597 rebus
549 2558 680 2616 quonam
700 2539 791 2598 modo
805 2557 937 2615 gererem
957 2555 1005 2595 me

55 2636 196 2696 adversus
218 2635 377 2695 Caesarem
405 2655 475 2695 usus
503 2647 554 2696 tuo
582 2638 704 2696 consilio
732 2656 806 2708 sum,
830 2638 862 2694 in
889 2636 1006 2713 reliquis

55 2734 172 2792 officio:
193 2734 240 2793 cui
263 2745 294 2792 tu
318 2735 440 2794 tribuisti
463 2745 587 2812 excepto
611 2735 736 2796 Caesare
758 2744 873 2812 praeter
895 2753 951 2804 me,
973 2745 1005 2793 ut

55 2833 180 2890 domum
195 2834 349 2890 ventitares
363 2832 508 2908 horasque
528 2833 632 2892 multas
652 2852 740 2910 saepe
758 2834 928 2892 suavissimo
946 2852 1006 2892 ser-

56 2951 146 2991 mone
162 2933 370 2990 consumeres?
393 2944 462 3002 tum,
475 2950 543 2991 cum
558 2933 653 3004 etiam,
667 2933 692 2991 si
706 2933 871 3003 meministi,
886 2942 918 2990 ut
932 2933 1004 2991 haec

55 3029 275 3104 φιλοσοφούμενα
297 3031 461 3100 scriberem,
476 3040 507 3087 tu
527 3048 575 3088 me
592 3031 740 3106 impulisti.
783 3030 853 3090 Post
872 3031 1005 3090 Caesaris

55 3128 190 3197 reditum,
205 3128 276 3203 quid
295 3128 346 3186 tibi
368 3128 471 3186 maiori
490 3146 577 3186 curae
597 3128 658 3199 luit,
673 3147 762 3205 quam
780 3139 812 3186 ut
831 3147 926 3188 essem
946 3148 1004 3205 ego

56 3225 96 3283 illi
121 3242 209 3301 quam
231 3225 490 3286 familiarissimus?
512 3226 593 3302 quod
618 3226 764 3286 effeceras
808 3229 835 3285 6.
858 3227 1005 3301 Quorsum

56 3323 144 3398 igitur
168 3321 240 3381 haec
263 3325 356 3382 oratio
381 3323 504 3401 longior,
526 3341 616 3398 quam
640 3327 794 3400 putaram?
837 3325 915 3397 Quia
939 3342 1005 3383 sum

57 3420 216 3479 admiratus
240 3429 276 3494 te,
299 3422 348 3499 qui
372 3420 445 3480 haec
469 3439 558 3480 nosse
584 3421 713 3495 deberes
733 3423 891 3502 quicquam
914 3440 934 3479 a
956 3439 1004 3482 me
