2432 3844
218 211 262 278 30
490 203 528 256 M.
553 201 673 251 rotun
694 203 882 252 cronnoms
1061 185 1141 276 [Pars
1156 203 1175 248 1.

221 362 360 422 scribere:
385 358 525 436 displiceo
547 359 618 418 mihi
638 377 693 418 nec
714 361 776 420 sine
798 377 913 418 summo
933 358 1029 417 scribo
1053 357 1169 416 dolore

221 460 273 520 Me
294 469 385 530 tueor,
404 467 436 517 ut
455 458 603 534 oppressis
623 458 768 529 omnibus,
789 476 850 516 non
871 456 1004 528 demisse,
1025 465 1059 514 ut
1079 457 1171 514 tantis

221 559 307 618 rebus
325 558 421 635 gestis,
441 575 544 632 pamm
563 556 678 616 fortiter.
720 557 748 615 A
767 555 893 615 Caesare
910 555 993 614 valde
1011 555 1171 613 liberaliter

222 657 326 715 invitor
349 651 393 734 [in
412 655 586 730 legationem
607 649 706 733 illam]‚
727 655 781 712 sibi
802 664 833 713 ut
854 655 909 713 sim
933 653 1055 729 legatus,
1079 662 1169 728 atque

222 753 309 812 etiam
326 753 416 811 libera
433 753 539 826 legatio
553 751 611 808 voti
631 769 718 809 causa
737 752 827 810 datur.
870 750 929 809 Sed
946 749 1018 808 haec
1036 759 1067 808 et
1084 768 1168 826 prae-

222 853 286 910 sidii
304 851 382 927 apud
400 849 542 927 pudorem
556 847 692 907 Pulchelli
713 867 774 907 non
792 849 879 907 habet
898 849 967 907 satis
986 857 1014 906 et
1032 867 1052 905 a
1072 846 1168 905 fratris

222 950 347 1008 adventu
368 966 416 1006 me
436 947 565 1022 ablegat;
588 947 635 1004 illa
653 956 680 1005 et
698 947 834 1005 munitior
854 955 897 1005 est
916 956 945 1004 et
963 963 1023 1004 non
1043 945 1167 1021 impedit

223 1066 282 1126 quo
309 1048 406 1104 minus
437 1044 537 1115 adsim,
566 1063 633 1103 cum
660 1045 762 1104 velim:
797 1044 873 1104 hanc
900 1062 957 1121 ego
984 1054 1084 1114 teneo,
1116 1042 1166 1101 sed

223 1127 343 1204 usurum
356 1162 404 1202 me
418 1159 478 1200 non
492 1153 579 1219 puto;
600 1161 696 1219 neque
709 1153 807 1202 tamen
821 1144 874 1203 scit
887 1143 1049 1220 quisquam.
1096 1141 1165 1200 Non

224 1244 304 1302 lubet
335 1242 442 1317 lugere,
475 1259 548 1300 aveo
581 1259 718 1317 pugnare.
769 1239 880 1318 Magna
912 1250 980 1300 sunt
1010 1241 1164 1298 hominum

225 1340 327 1400 studia.
370 1339 429 1398 Sed
450 1339 519 1397 nihil
540 1339 671 1412 adfirmo,
691 1349 722 1398 tu
740 1339 796 1399 hoc
815 1341 920 1400 silebis
963 1357 990 1410 4.
1005 1337 1051 1396 De
1073 1338 1162 1396 Statio

225 1427 316 1497 manu
328 1439 418 1497 misso
438 1448 466 1497 et
484 1457 545 1496 non
559 1438 644 1497 nullis
663 1438 723 1497 aliis
737 1440 822 1498 rebus
842 1457 935 1514 angor
953 1436 1100 1514 equidem,
1117 1434 1162 1494 sed

225 1539 284 1596 iam
315 1554 432 1613 prorsus
467 1537 594 1597 occallui.
647 1537 696 1596 Tu
729 1537 832 1595 vellem
863 1554 920 1612 ego
952 1535 996 1594 vel
1028 1551 1161 1610 cuperem

226 1635 360 1693 adesses:
380 1652 434 1693 nec
454 1633 524 1692 mihi
538 1635 689 1694 consilium
703 1653 758 1693 nee
772 1634 932 1694 consolatio
946 1634 1067 1694 deesset.
1108 1631 1160 1690 Sed

227 1733 309 1791 itate
323 1751 400 1809 para,
415 1743 454 1806 ut,
470 1733 494 1793 si
507 1733 674 1806 inclamaro,
689 1734 813 1794 advoles

450 1904 495 1959 12.
536 1901 593 1960 Ao
614 1899 807 1960 nundum
828 1900 867 1961 11.
893 1922 936 1977 19.

365 2017 430 2078 Scs.
452 2017 561 2078 Romu
581 2037 675 2078 unusu
698 2017 841 2090 Qumnm
862 2037 946 2079 nuc.
969 2019 1036 2094 695.

546 2144 648 2186 cremo
668 2144 774 2185 nrmco
794 2144 857 2184 siu.
1089 2107 1096 2122 ’

274 2262 298 2300 1.
324 2242 438 2301 Munna
451 2259 499 2300 me
517 2241 671 2301 sollicitant
684 2250 713 2299 et
727 2259 763 2298 ex
777 2240 817 2298 rei
831 2239 962 2316 publicae
983 2249 1064 2298 tanto
1085 2250 1159 2298 motu

230 2352 259 2402 et
273 2361 309 2400 ex
323 2342 357 2400 iis
371 2340 512 2417 periculis,
527 2357 602 2415 quae
620 2339 689 2397 mihi
712 2339 768 2415 ipsi
787 2338 980 2410 intenduntur,
994 2348 1023 2396 et
1037 2348 1160 2398 sescenta

230 2449 314 2512 sunt;
337 2440 389 2498 sed
409 2438 480 2496 mihi
501 2438 569 2497 nihil
591 2448 634 2497 est
654 2437 804 2497 molestius
825 2455 914 2514 quam
934 2435 1058 2496 Statium
1078 2454 1159 2495 manu

230 2539 369 2596 missurn:

264 2652 315 2697 Nec
330 2665 409 2697 meum
424 2650 558 2712 imperium:
576 2665 603 2698 ac
619 2649 688 2697 mitto
704 2650 838 2711 imperium:
855 2667 902 2699 non
919 2652 1059 2699 simultatem
1075 2666 1146 2698 meam

265 2733 372 2781 Revereri
389 2733 482 2782 saltem!

234 2833 297 2892 Nec
319 2832 389 2909 quid
409 2833 513 2893 faciam
535 2835 605 2905 scio,
624 2852 720 2912 neque
740 2844 852 2894 tantum
872 2844 917 2894 est
936 2836 967 2893 in
988 2854 1028 2906 re,
1044 2846 1159 2912 quantus

233 2942 278 2991 est
302 2950 406 2991 sermo.
448 2932 514 3008 Ego
536 2943 634 2991 autern
663 2952 700 2993 ne
729 2935 813 2994 irasci
842 2952 962 3010 possum
988 2935 1103 3010 quidem
1130 2935 1159 2993 iis

235 3048 309 3107 quos
340 3031 422 3090 valde
450 3049 535 3090 amo:
571 3041 682 3091 tantum
710 3033 805 3104 doleo,
833 3051 868 3092 ac
897 3033 1014 3091 mirifice
1043 3034 1158 3110 quidern.

235 3130 256 3198 †
272 3128 376 3188 Cetera
389 3130 419 3188 in
433 3130 547 3205 magnis
562 3131 666 3204 rebus;
681 3131 778 3189 minae
792 3130 888 3191 Clodii
903 3131 1158 3208 contentionesque,

234 3247 302 3304 quae
333 3228 403 3286 mihi
431 3238 642 3306 proponuntur,
671 3229 787 3288 modice
814 3248 862 3289 me
889 3239 1027 3306 tangunt:
1061 3233 1158 3289 etenim

235 3326 280 3385 vel
308 3327 402 3385 subire
430 3345 480 3386 eas
502 3327 601 3386 videor
628 3327 699 3384 mihi
726 3345 840 3386 summa
867 3347 934 3387 cum
962 3328 1095 3404 dignitate
1120 3330 1158 3388 vel

235 3425 379 3488 declinare
407 3425 485 3484 nulla
512 3443 578 3484 cum
604 3425 738 3484 molestia
767 3443 861 3500 posse.
911 3425 1000 3486 Dices
1030 3426 1156 3488 sortasse:
