2452 3842
41 167 188 250 Ep.117.]
272 179 387 228 nrrsr.
410 179 460 227 Ab
481 178 648 228 nrrrcvn
668 179 742 227 rvr.
767 184 795 247 7.
943 183 1006 251 239

40 329 221 404 prudenter,
244 337 341 387 tamen
365 331 505 401 ἀνεμέσητα
528 339 603 400 sunt,
625 330 752 406 primum
774 329 855 405 quod
878 329 915 387 de
938 348 1004 388 mea

40 429 197 488 sententia
225 438 290 487 acta
319 438 393 499 sunt,
423 429 527 487 deinde
556 429 643 487 etiam
673 429 696 487 si
723 439 751 486 te
780 438 906 499 auctore,
932 430 1003 504 quid

40 527 141 584 debet
156 527 206 601 qui
220 527 375 584 consilium
390 527 439 585 dat
453 538 598 602 praestare
613 538 726 602 praeter
740 527 846 585 fidem?
884 546 910 601 3.
927 528 1003 586 lllud

39 625 188 682 admirari
203 627 272 682 satis
286 643 347 682 non
362 626 451 701 potui,
468 625 547 701 quod
567 627 706 702 scripsisti
723 625 768 684 his
782 625 892 684 verbis:
910 619 1002 684 ‘bene

37 723 522 799 1311111111,ᾳυίεὐθανασίαν,1>εῃε
542 724 671 801 relinque
691 724 834 801 patriam!
876 724 925 781 An
944 742 1001 799 ego

37 821 251 897 relinquebam
271 832 320 879 aut
340 822 392 879 tibi
412 831 475 879 tum
495 823 657 898 relinquere
678 823 814 881 videbar?
836 832 867 880 tu
887 823 917 881 id
939 840 1001 880 non

36 919 144 976 modo
168 937 230 977 non
253 920 438 994 prohibebas,
458 938 557 978 verum
582 921 670 978 etiam
691 919 883 996 adprobabas
927 919 1002 979 Gra-

36 1019 140 1089 viora,
156 1036 231 1094 quae
252 1027 377 1076 restant:
394 1018 627 1091 ‘velimaxoluov
642 1019 761 1096 aliquod
776 1018 876 1076 elimes
890 1019 928 1077 ad
943 1037 1000 1089 me,

38 1116 215 1192 oportuisse
229 1125 257 1172 te
277 1116 352 1174 istuc
372 1115 485 1174 facere?
528 1116 621 1188 Itane,
637 1117 677 1175 mi
691 1117 807 1176 Attice?
829 1117 1000 1176 defensione

38 1223 119 1290 eget
134 1231 233 1272 meum
247 1213 365 1284 factum,
380 1215 550 1290 praesertim
566 1216 643 1291 apud
663 1226 699 1286 te,
715 1217 764 1292 qui
786 1215 815 1274 id
834 1215 1000 1273 mirabiliter

39 1313 240 1389 adprobasti?
282 1313 349 1390 Ego
369 1332 437 1372 vero
457 1315 545 1372 istum
566 1316 745 1388 ἀπολογισμὸν
765 1316 930 1385 συντάξομαι,
947 1313 1000 1374 sed

39 1413 87 1470 ad
111 1429 214 1469 eorum
235 1412 370 1488 aliquem,
386 1413 491 1488 quibus
512 1413 607 1470 invitis
629 1423 656 1471 et
678 1412 910 1472 dissuadentibus
933 1429 999 1487 pro-

39 1511 143 1570 fectus
164 1527 245 1568 sum:
271 1511 325 1568 etsi
346 1510 416 1586 quid
436 1511 494 1568 iam
516 1528 591 1586 opus
613 1521 656 1570 est
677 1512 800 1587 σχολίῳί
822 1512 846 1568 si
867 1528 999 1586 perseve-

39 1625 170 1679 rassem,
192 1626 268 1684 opus
296 1608 404 1666 fuisset.
449 1608 500 1665 ‘At
524 1607 581 1666 hoc
606 1609 702 1686 ipsum
728 1626 788 1666 non
813 1608 999 1667 constanter!

40 1707 150 1766 Nemo
179 1707 282 1766 doctus
309 1708 582 1785 umquam-multa
610 1717 707 1766 autem
736 1708 772 1766 de
800 1707 857 1766 hoc
890 1727 998 1784 genere

39 1807 158 1882 scripta
190 1809 489 1866 sunt—mutationem
523 1807 635 1865 consilii
670 1806 896 1864 inconstantiam
927 1807 999 1865 dixit

40 1923 122 1963 esse.
174 1926 200 1977 4.
230 1906 377 1981 Deinceps
406 1906 492 1981 igitur
519 1905 610 1963 haec:
640 1909 726 1961 ‘nam
755 1905 779 1962 si
812 1923 830 1961 a
863 1903 997 1964 Phaedro

41 2013 153 2061 nostro
167 2017 252 2075 esset,
268 2006 402 2080 expedita
417 2005 566 2064 excusatio
581 2014 674 2061 esset:
697 2021 775 2060 nunc
790 2002 860 2078 quid
874 2021 996 2080 respon-

43 2104 156 2161 demus
167 2103 189 2160 ?’
206 2122 277 2179 ergo
292 2104 322 2162 id
335 2114 396 2162 erat
411 2122 509 2161 meum
524 2089 640 2173 factum,
656 2102 736 2178 quod
751 2101 857 2160 Catoni
871 2102 996 2177 probare

41 2219 109 2259 non
122 2203 260 2276 possem?
276 2202 376 2278 flagitii
387 2202 495 2260 scilicet
509 2202 627 2277 plenum
643 2212 671 2259 et
685 2200 846 2258 dedecoris.
875 2199 995 2257 Utinam

42 2318 60 2356 a
84 2299 183 2375 primo
204 2300 243 2358 ita
264 2301 315 2358 tibi
336 2310 413 2359 esset
434 2300 546 2357 visum?
575 2310 606 2357 tu
627 2299 707 2368 mihi,
729 2299 802 2358 sicut
824 2317 887 2356 esse
909 2299 996 2368 soles,

41 2398 153 2456 luisses
181 2396 263 2457 Cato.
312 2413 338 2472 5.
371 2399 542 2456 Extremum
570 2397 639 2455 illud
668 2398 713 2455 vel
741 2396 995 2454 molestissimum:

43 2501 137 2553 ‘nam
157 2495 262 2554 Brutus
283 2507 383 2555 noster
404 2496 485 2568 silet,'
500 2496 557 2555 hoc
579 2506 631 2566 est,
653 2513 714 2553 non
736 2495 823 2553 audet
843 2495 994 2553 hominem
1035 2499 1040 2516 '

42 2594 72 2650 id
102 2595 206 2652 aetatis
234 2613 364 2653 monere.
406 2595 494 2654 Aliud
521 2595 591 2653 nihil
619 2594 727 2665 habe0,
750 2593 831 2669 quod
857 2594 892 2650 iis
921 2611 939 2650 a
966 2603 993 2651 te

43 2693 143 2750 verbis
170 2693 324 2768 significa-ri
351 2704 460 2769 putem,
482 2703 511 2751 et
535 2693 650 2752 hercule
675 2693 714 2750 ita
739 2703 791 2751 est.
834 2690 912 2749 Nam
937 2710 994 2750 xv1.

43 2791 111 2850 Kal.
139 2789 216 2866 Sept.
240 2810 310 2850 cum
336 2792 481 2849 venissem
506 2791 628 2861 Veliam,
650 2790 756 2848 Brutus
782 2790 904 2859 audivit;
934 2801 995 2848 erat

44 2891 124 2947 enim
154 2907 220 2948 cum
249 2891 308 2949 suis
337 2891 457 2948 navibus
485 2890 564 2967 apud
597 2888 733 2947 Haletem
766 2889 894 2958 fluvium,
923 2889 994 2948 citra

31 2984 162 3046 ,Veliam
188 2987 266 3044 milia
287 3005 426 3066 passuum
447 3007 502 3059 1113
526 2987 650 3063 pedibus
675 2987 713 3044 ad
737 3005 784 3046 me
810 2986 922 3046 statim:
946 2985 992 3044 dei

46 3083 232 3154 immortales
253 3103 341 3160 quam
362 3085 443 3142 valde
465 3085 511 3144 ille
532 3084 625 3142 reditu
646 3084 690 3141 vel
711 3083 806 3158 potius
830 3085 992 3142 reversione

47 3198 111 3240 mea
133 3181 255 3242 laetatus
275 3183 376 3242 effudit
397 3184 443 3242 illa
464 3184 571 3253 omnia,
587 3201 661 3259 quae
683 3185 827 3241 tacueratl
846 3193 877 3240 ut
896 3200 992 3241 recor·

49 3279 130 3339 darer
157 3280 228 3339 illud
255 3291 337 3339 tuum
360 3286 447 3339 ‘nam
475 3281 580 3340 Brutus
609 3291 709 3339 noster
737 3280 819 3340 silet!
861 3279 991 3337 Maxime

50 3387 144 3438 autem
177 3379 295 3439 dolebat
327 3398 374 3439 me
408 3380 474 3439 Kal.
505 3380 582 3440 Sext.
611 3380 642 3438 in
670 3389 772 3439 senatu
801 3367 861 3437 non
895 3378 990 3436 luisse.
