2452 3842
221 250 280 318 172
490 253 529 300 m
554 253 674 302 TULLII
696 250 885 302 ereanoms
1037 241 1108 324 [rm
1124 257 1168 303 111.
1220 213 1221 228 ¹

221 405 276 462 civi
290 407 383 483 magis
398 411 533 468 convenit
547 429 636 488 quam
651 411 753 470 abesse
768 430 786 470 a
800 411 929 470 civilibus
945 413 1170 471 controversiis?

220 505 302 580 quod
320 523 380 564 non
399 509 470 566 nulli
490 527 557 567 cum
576 511 741 586 probarent,
755 511 875 587 periculi
895 530 985 570 causa
1003 513 1089 588 sequi
1110 529 1171 568 non
1221 517 1222 550 ³

221 612 393 678 potuerunt:
415 614 447 665 tu
460 607 612 682 explorato
626 618 654 666 et
668 610 743 668 vitae
758 627 841 668 meae
859 610 1028 668 testimonio
1049 620 1079 668 et
1099 610 1171 667 ami·
1221 659 1222 690 ,

221 701 305 760 citiae
317 691 425 762 iudicio
441 723 536 780 neque
549 707 638 764 tutius
656 725 751 783 neque
772 707 922 766 honestius
941 710 1070 784 reperies
1092 709 1173 784 quic·
1221 717 1222 784 ζ

221 811 310 875 quam
325 820 414 877 quam
428 803 465 860 ab
480 805 561 862 omni
575 805 763 864 contentione
777 807 889 865 abesse.
930 825 977 864 xv.
995 807 1062 866 Kal.
1075 806 1174 864 Maias

221 918 258 957 ex
278 901 395 960 itinere!

451 1059 498 1113 74.
542 1052 598 1112 AD
619 1053 814 1114 ATTICUM
835 1055 872 1116 X.
899 1057 944 1114 16.

324 1165 390 1225 Seu.
407 1185 437 1225 m
459 1166 588 1226 Cunaro
609 1186 683 1226 enm.
700 1167 770 1228 Inus
784 1168 883 1227 illins
905 1187 988 1228 nuc.
1006 1183 1074 1243 705.

545 1293 648 1334 crcuno
663 1293 768 1334 arrreo
787 1294 848 1334 sm.

269 1405 293 1444 1.
316 1385 490 1448 Couuonuu
509 1389 546 1447 ad
561 1399 589 1447 te
604 1390 741 1448 dederam
755 1388 862 1448 litteras
877 1390 913 1448 de
927 1390 1058 1466 pluribus
1072 1392 1177 1462 rebus,

224 1469 292 1541 cum
307 1484 344 1544 ad
358 1501 406 1544 me
425 1487 500 1545 bene
519 1505 606 1546 mane
625 1485 784 1564 Dionysius
801 1483 889 1568 [fuit],
905 1489 951 1546 cui
972 1488 1096 1563 quidem
1118 1507 1178 1565 ego

225 1599 287 1639 non
304 1584 395 1642 modo
414 1584 586 1660 placabilem
604 1605 652 1644 me
671 1587 879 1662 praebuissem,
898 1587 950 1644 sed
970 1595 1064 1644 totum
1088 1589 1181 1645 remi-

225 1680 337 1752 sissem,
350 1682 374 1739 si
389 1682 559 1754 advenisset,
568 1702 628 1759 qua
641 1694 739 1742 mente
753 1695 783 1742 tu
798 1684 837 1743 ad
849 1702 897 1742 me
917 1685 1094 1760 scripseras;
1116 1695 1181 1744 erat
1222 1689 1223 1730 l

225 1778 305 1836 enim
334 1780 374 1838 sic
402 1781 432 1839 in
460 1780 516 1840 tuis
543 1782 649 1852 litteris
672 1799 744 1858 quas
769 1780 872 1857 Arpini
901 1799 1081 1857 acceperam,
1108 1801 1181 1841 eum

225 1889 377 1937 venturum
401 1879 600 1956 facturumque
625 1882 706 1957 quod
730 1899 787 1958 ego
811 1881 933 1940 vellem:
957 1898 1013 1956 ego
1035 1880 1183 1941 volebam
1222 1899 1223 1914 ¹

226 1987 323 2035 autem
347 1979 391 2036 vel
416 1979 569 2055 cupiebam
593 1980 691 2055 potius
716 1998 781 2038 esse
806 1997 872 2050 eum
897 1979 1066 2051 nobiscum3
1092 1981 1183 2057 quod

225 2077 295 2151 quia
326 2076 420 2152 plane,
450 2095 517 2135 cum
545 2079 575 2134 in
603 2076 792 2135 Formianum
819 2077 953 2148 venisset,
981 2077 1183 2152 praeciderat,

226 2175 356 2249 asperius
371 2176 407 2234 ad
417 2185 450 2234 te
464 2176 501 2234 de
520 2194 556 2234 eo
576 2177 700 2234 scribere
720 2176 858 2233 solebam.
899 2173 939 2232 At
958 2169 1004 2233 ille
1023 2193 1183 2250 perpauca

227 2273 340 2332 locutus
355 2273 430 2334 hanc
445 2293 590 2334 summam
604 2275 703 2333 habuit
713 2274 861 2344 orationis,
870 2282 902 2331 ut
913 2273 966 2332 sibi
977 2274 1182 2348 ignoscerem,

228 2390 259 2430 se
274 2375 359 2456 rebus
374 2375 433 2432 suis
446 2374 617 2450 impeditum
632 2374 786 2432 nobiscum
800 2373 841 2432 ire
855 2391 916 2430 non
933 2391 1029 2448 posse.
1073 2371 1183 2433 Pauca

227 2473 373 2548 respondi,
387 2491 529 2549 magnum
550 2473 649 2548 accepi
669 2472 807 2543 dolorem,
823 2471 949 2529 intellexi
969 2469 1121 2528 fortunam
1142 2474 1184 2530 ab

230 2587 266 2627 eo
294 2580 423 2630 nostram
451 2571 619 2647 despectam
651 2589 724 2630 esse.
773 2569 853 2641 Quid
881 2569 1015 2646 quaeris?
1048 2568 1184 2630 fortasse

230 2667 396 2728 miraberis:
417 2670 448 2727 in
467 2670 601 2729 maximis
619 2669 726 2726 borum
744 2679 909 2744 tempomm
930 2667 1079 2726 doloribus
1095 2668 1184 2728 hunc

230 2765 301 2824 mihi
315 2769 388 2828 scito
402 2786 475 2827 esse.
517 2767 615 2826 Velim
628 2777 660 2826 ut
678 2767 729 2825 tibi
748 2767 858 2826 amicus
877 2767 931 2824 sit:
953 2766 1011 2825 boc
1031 2784 1104 2825 cum
1126 2769 1184 2826 tibi

230 2876 311 2940 opto,
321 2877 391 2942 opto
405 2878 437 2925 ut
450 2868 551 2926 beatus
567 2867 624 2939 sis3
639 2866 692 2925 erit
706 2866 782 2923 enim
794 2875 853 2922 tam
864 2864 920 2922 diu.
967 2885 992 2923 2.
1008 2862 1185 2924 Consilium

232 2973 365 3024 nostrum
389 2983 475 3041 spero
499 2984 622 3024 vacuum
644 2964 772 3040 periculo
793 2963 872 3034 fore;
898 2979 967 3020 nam
988 2971 1017 3020 et
1037 2962 1184 3022 dissimu-

231 3062 352 3122 lavimus
372 3073 409 3135 et,
424 3074 455 3122 ut
473 3064 585 3140 opinor,
599 3063 737 3122 acerrime
752 3061 974 3120 adservabimus.
1015 3058 1186 3137 Navigatio

231 3162 322 3220 modo
342 3163 386 3233 sit,
401 3162 516 3238 qualern
535 3172 614 3238 opt0‚
630 3171 732 3232 cetera,
747 3179 821 3237 quae
836 3160 954 3236 quidem
971 3159 1095 3219 consilio
1111 3180 1186 3238 pro—

232 3261 322 3320 videri
349 3270 493 3337 poterunt,
522 3262 705 3320 cavebuntur.
749 3260 807 3330 Tu,
836 3259 906 3316 dum
934 3257 1082 3328 adsumus,
1116 3279 1185 3319 non
1223 3287 1224 3294 ¹

232 3359 323 3416 modo
338 3377 412 3434 quae
427 3360 524 3417 scieris
538 3359 705 3429 audierisve‚
721 3358 773 3416 sed
793 3357 880 3414 etiam
897 3374 972 3431 quae
990 3355 1086 3415 futura
1109 3377 1183 3433 pro-
1223 3331 1224 3402 l

231 3457 342 3517 videbis
358 3455 466 3516 scribas
480 3456 573 3513 velim.
617 3475 643 3530 3.
665 3455 749 3526 Cat0,
763 3455 812 3532 qui
832 3453 959 3514 Siciliam
977 3464 1075 3512 tenere
1094 3456 1184 3516 nullo
