2432 3844
51 237 98 294 sp.
115 217 164 300 5.]
276 229 388 278 urrsr.
406 199 455 280 n>
476 229 700 280 rauranum
724 231 755 280 r.
772 236 802 282 a.
990 234 1008 298 7

52 389 133 450 nihil
163 391 196 448 in
224 407 260 448 ea
287 407 317 450 re
345 407 397 464 per
420 388 562 465 collegam
585 406 685 448 meum
708 407 757 446 me
780 389 919 448 insciente
944 407 1009 448 esse

53 488 187 548 lactum.
233 485 398 546 Recordare
419 496 531 558 cetera;
553 505 642 564 quam
663 487 720 546 cito
741 497 872 546 senatum
893 488 942 546 illo
963 488 1009 547 die

55 587 143 646 facta
157 586 308 646 sortitione
322 586 475 662 coegerim,
485 603 573 661 quam
587 585 676 646 multa
690 586 727 644 de
740 594 768 644 te
782 587 870 644 verba
883 585 1010 657 fecerim,

58 703 135 744 cum
149 695 183 743 tu
197 685 260 760 ipse
274 684 344 742 mihi
359 684 453 744 dixisti
467 687 629 744 orationem
642 702 738 744 meam
752 702 813 742 uon
827 684 922 744 solum
936 686 966 744 in
983 695 1012 742 te

58 783 270 854 honorificam,
292 781 345 842 sed
368 783 456 840 etiam
480 783 510 840 in
535 782 662 858 collegas
684 793 749 842 tuos
771 782 1012 847 contumeliosam

60 883 167 942 luisse.
221 899 249 952 4.
281 880 342 940 Iam
371 881 441 940 illud
468 891 584 942 senatus
608 881 780 951 consultum,
801 880 882 958 quod
906 898 943 942 eo
965 881 1011 940 die

62 981 262 1061 factumest,
287 997 322 1038 ea
349 981 555 1057 perscriptione
583 989 634 1050 est,
657 990 697 1052 ut,
725 979 795 1038 dum
822 979 852 1037 id
880 979 1012 1050 exstabit,

64 1079 200 1137 officium
214 1095 314 1138 meum
331 1078 363 1136 iu
381 1075 585 1158 teqobscurum
606 1097 670 1138 esse
689 1096 749 1137 non
768 1079 867 1154 possit
908 1077 1014 1138 Postea

66 1196 139 1236 vero
153 1195 245 1254 quam
258 1176 407 1254 profectus
425 1197 465 1250 es,
480 1177 565 1236 velim
584 1178 743 1249 recordere,
758 1195 833 1252 quae
854 1195 910 1253 ego
929 1177 966 1236 de
984 1187 1015 1236 te

66 1279 98 1334 in
114 1285 222 1334 senatu
236 1276 354 1352 egerim,
368 1294 443 1352 quae
457 1276 487 1333 in
502 1276 687 1336 contionibus
702 1275 831 1347 dixerim,
846 1293 918 1352 quas
932 1274 970 1335 ad
985 1283 1015 1333 te

67 1376 180 1434 litteras
204 1375 348 1432 miserim:
373 1393 448 1451 quae
470 1393 538 1434 cum
561 1376 660 1433 omnia
682 1374 839 1450 collegeris,
863 1384 925 1436 tum
952 1375 1015 1450 ipse

68 1475 159 1534 velim
172 1473 292 1544 iudices,
307 1473 412 1532 satisne
426 1473 554 1534 videatur
572 1473 617 1534 his
635 1475 771 1532 omnibus
785 1474 871 1534 rebus
885 1483 950 1532 tuus
965 1471 1016 1532 ad-

68 1581 185 1642 ventus,
200 1589 268 1630 cum
281 1571 414 1648 proxime
432 1571 560 1630 Romam
574 1572 683 1642 venisti,
698 1581 798 1631 mutue
817 1572 1015 1648 respondisse.

72 1687 99 1746 5.
115 1669 208 1746 Quod
218 1669 319 1728 scribis
329 1669 365 1730 de
376 1669 558 1728 reconciliata
566 1671 665 1746 graalz
676 1679 783 1740 nostra,
795 1688 856 1728 non
869 1671 1016 1746 intellego,

72 1789 124 1830 cur
138 1768 351 1830 reconciliatam
365 1785 429 1827 esse
444 1768 532 1839 dicas,
541 1787 616 1844 quae
627 1786 787 1844 numquam
801 1769 952 1828 imminuta
963 1780 1015 1830 est.

75 1871 101 1926 6.
123 1865 217 1950 Quod
230 1866 332 1926 scribis
345 1884 406 1924 non
420 1865 582 1943 oportuisse
597 1865 747 1926 Metellum
757 1866 872 1928 fratrem
882 1877 964 1928 tuum
975 1869 1015 1927 ob

76 1967 185 2024 dictum
213 1983 231 2024 a
257 1983 305 2024 me
329 1965 501 2040 oppugnari,
523 1965 649 2041 primum
673 1964 729 2025 hoc
753 1966 838 2024 velim
860 1966 1015 2036 existimes,

77 2063 206 2124 animum
219 2062 291 2123 mihi
304 2063 391 2122 istum
405 2072 486 2121 tuum
499 2063 683 2122 vehementer
697 2064 813 2140 probari
823 2073 852 2123 et
862 2062 1016 2123 fratemam

77 2162 194 2240 plenam
207 2159 392 2223 humanitatis
406 2179 440 2220 ae
454 2162 566 2236 pietatis
580 2161 756 2220 voluntatem
764 2181 772 2233 3
794 2162 907 2232 deinde,
923 2162 945 2220 si
959 2179 1017 2237 qua

79 2277 134 2336 ego
149 2259 179 2316 in
196 2277 227 2315 re
243 2257 322 2316 fratri
340 2267 391 2316 tuo
409 2258 450 2318 rei
467 2258 600 2334 publicae
616 2276 705 2317 causa
723 2259 880 2328 restiterim,
895 2268 927 2320 ut
946 2257 1017 2317 mihi

79 2360 229 2432 ignoscam
250 2365 311 2416 tam
332 2357 411 2416 enim
431 2374 497 2414 sum
518 2357 627 2416 amicus
646 2356 687 2414 rei
705 2356 846 2432 publicae,
861 2373 949 2432 quam
967 2358 1017 2432 qui

79 2456 223 2524 maxime,
244 2454 350 2513 sivero
364 2472 462 2514 meam
476 2454 598 2514 salutem
615 2463 717 2513 contra
735 2453 808 2512 illius
826 2453 966 2530 impetum
986 2453 1018 2514 in

80 2571 126 2612 me
140 2550 371 2610 crudelissimum
384 2551 571 2623 defenderim,
583 2553 651 2614 satis
665 2552 774 2612 habeas
788 2550 860 2610 uihil
873 2570 921 2610 me
931 2553 1017 2613 etiam

81 2661 174 2710 tecum
202 2649 239 2707 de
267 2648 308 2707 tui
332 2648 427 2708 fratris
450 2649 552 2708 iniuria
577 2649 731 2724 conqueri:
756 2667 844 2725 quem
868 2667 924 2726 ego
950 2667 1018 2709 cum

82 2749 285 2827 comperissem
312 2765 432 2808 omnem
456 2751 501 2808 sui
524 2750 684 2808 tribunatus
708 2759 845 2808 conatum
868 2749 899 2806 in
921 2767 1018 2810 meam

83 2847 234 2926 perniciem
249 2864 349 2923 parare
370 2856 456 2921 atque
474 2847 614 2916 meditari,
629 2848 676 2922 egi
694 2865 762 2906 cum
782 2847 912 2916 Claudia,
927 2865 1018 2904 uxore

84 2961 138 3017 tua,
152 2956 180 3004 et
201 2962 268 3002 cum
281 2954 374 3002 vestra
394 2961 493 3004 sorore
515 2943 622 3015 Mucia,
636 2945 718 3003 cuius
737 2962 807 3020 erga
825 2963 873 3004 me
892 2944 1018 3004 studium

84 3062 134 3122 pro
144 3041 335 3118 Cn.Pompeii
343 3041 555 3100 necessitudine
564 3041 660 3100 multis
671 3041 702 3098 in
712 3042 797 3102 rebus
807 3059 1018 3118 perspexeram,

84 3153 114 3202 ut
126 3158 191 3200 eum
205 3140 242 3198 ab
256 3139 303 3200 illa
319 3138 422 3198 iniuria
441 3139 625 3199 deterrerent.
667 3153 693 3213 7.
716 3140 806 3216 Atqui
825 3139 879 3210 ille,
894 3139 972 3216 quod
990 3148 1019 3198 te

85 3240 194 3300 audisse
216 3247 296 3297 certo
317 3238 380 3308 scio,
401 3255 443 3312 pr.
467 3236 533 3296 Kal.
554 3235 711 3308 Ianuarias,
731 3255 788 3314 qua
809 3237 910 3295 iniuria
931 3253 1019 3297 nemo

87 3355 220 3415 umquam
258 3336 289 3393 in
326 3335 449 3394 minimo
486 3335 655 3412 magistratu
687 3335 917 3411 improbissimus
951 3333 1020 3392 civis

89 3436 211 3500 adiectus
231 3444 282 3506 est,
297 3453 332 3498 ea
351 3451 398 3493 me
420 3435 569 3494 consulem
589 3433 701 3504 adfecit,
714 3451 780 3494 cum
799 3431 1019 3510 rempublicam
