2432 3844
72 287 119 347 sp.
131 273 179 358 19.]
275 285 390 335 aaron.
411 285 461 333 ao
481 283 648 334 arricum
666 285 722 335 111.
744 289 795 355 23.
966 279 1006 350 51

70 443 145 517 spei,
164 444 214 502 des
234 460 354 518 operam
374 451 406 500 ut
426 443 536 500 maiore
557 440 704 518 diligentia
724 439 846 516 posthae
866 456 885 495 a
903 437 1009 496 nostris

70 541 284 617 magistratibus
304 539 501 599 defendamur.
545 560 571 598 a.
593 539 672 598 Nam
691 558 726 598 ea
739 548 867 596 veterum
880 537 1010 594 tribuno·

69 657 137 696 rum
154 641 191 716 pl.
206 639 319 716 rogatio
339 640 393 697 tria
412 640 507 714 capita
527 639 635 710 habuit,
649 657 741 696 unum
761 637 799 696 de
819 637 911 695 reditu
931 653 1008 705 meu,

70 739 209 814 scriptum
227 740 362 810 incaute3
382 737 453 796 nihil
471 738 550 795 enim
568 737 722 796 restituitur
740 745 852 812 praeter
866 734 1009 793 civitatem

70 847 100 895 et
113 838 256 908 ordinem,
270 836 350 912 quod
367 835 438 893 mihi
456 854 510 913 pro
529 855 596 895 meo
616 854 685 897 casu
704 837 773 895 satis
792 845 843 906 est,
858 833 918 904 sed,
933 850 1008 908 quae

69 936 201 994 cavenda
225 934 328 993 fuerint
352 943 381 992 et
403 952 462 1010 quo
490 935 589 1006 modo,
613 946 642 994 te
669 953 731 993 non
758 935 838 1010 fugit.
879 932 1010 990 Alterum

69 1045 156 1110 caput
171 1043 216 1092 est
230 1033 399 1091 tralaticium
414 1033 450 1092 de
468 1033 648 1109 impunitate,
663 1053 689 1093 s1
707 1053 783 1101 ovm·
794 1050 908 1093 coum
927 1047 1009 1087 sums

67 1151 158 1192 raons
179 1150 242 1190 nrvs
263 1149 344 1189 euers
366 1148 442 1190 rroo
466 1150 583 1191 sacrvm
607 1151 660 1191 sir.
703 1132 835 1192 Tertium
856 1137 950 1205 caput,
969 1127 1009 1184 mi

67 1230 226 1307 Pomponi,
241 1247 300 1304 quo
320 1229 441 1287 consilio
456 1239 484 1288 et
498 1248 516 1288 a
529 1249 589 1306 quo
604 1233 639 1290 sit
653 1232 836 1301 inculcatum,
850 1230 931 1288 vide:
953 1227 1008 1288 scis

68 1331 148 1387 enim
159 1328 296 1387 Clodium
311 1328 452 1400 sanxisse,
463 1339 495 1387 ut
508 1330 555 1387 vix
569 1339 618 1389 aut
632 1332 753 1390 omnino
767 1349 828 1388 non
842 1337 942 1406 posset
955 1344 1009 1384 nec

66 1445 120 1502 per
141 1437 276 1487 senatum
297 1444 352 1485 nec
376 1445 428 1502 per
449 1429 592 1504 populum
616 1429 753 1488 infirmari
778 1448 831 1488 sua
853 1429 909 1486 lex.
952 1423 1011 1484 Sed

65 1526 147 1584 vides
163 1543 323 1600 numquam
338 1543 401 1584 esse
414 1526 581 1586 observatas
600 1529 764 1586 sanctiones
783 1544 882 1585 earum
903 1526 1009 1600 legum,

66 1643 142 1701 quae
165 1626 392 1700 abrogarentur:
413 1643 490 1697 nam,
510 1626 534 1684 si
554 1625 584 1684 id
603 1638 686 1698 esset,
702 1628 779 1686 nulla
799 1627 857 1684 fere
876 1624 1010 1699 abrogari

67 1732 170 1800 posset
177 1743 187 1794 3
208 1740 304 1798 neque
325 1723 402 1780 enim
423 1723 480 1781 ulla
500 1738 552 1797 est,
574 1744 648 1801 quae
671 1745 731 1786 non
756 1727 820 1802 ipsa
844 1743 875 1783 se
900 1722 1010 1797 saepiat

67 1821 235 1880 difficultate
260 1821 466 1896 abrogationis.
509 1822 576 1894 Sed,
598 1843 664 1884 cum
688 1824 735 1882 lex
756 1826 921 1900 abrogatur,
940 1818 1010 1879 illud

66 1921 166 1997 ipsum
186 1921 349 1994 abrogatur,
365 1936 423 1994 quo
444 1919 535 1979 modo
556 1940 621 1981 eam
642 1923 775 1998 abrogari
795 1929 939 1998 oporteat.
982 1937 1009 1992 3.

68 2017 149 2087 Hoc,
159 2017 240 2092 quod
250 2036 281 2075 re
291 2035 358 2074 vera
367 2018 407 2074 ita
420 2027 471 2088 est,
484 2037 551 2077 cum
562 2038 677 2098 semper
687 2022 726 2078 ita
735 2020 865 2079 habitum
875 2020 1009 2077 observa·

66 2125 189 2191 tumque
203 2117 247 2186 sit,
259 2126 325 2174 octo
339 2117 428 2174 nostri
441 2117 547 2175 tribuni
560 2118 704 2194 plcaput
717 2126 876 2194 posuerunt
890 2115 962 2172 hoc:
983 2131 1008 2170 sr

67 2233 140 2282 ovrn
161 2234 192 2272 m
216 2234 272 2274 rme
295 2233 460 2274 noonrrouu
484 2233 624 2274 scmrrvu
648 2235 709 2288 nsr,
734 2234 810 2282 ovon
839 2232 892 2271 aaa
919 2228 1009 2270 Luors

66 2330 203 2371 amauvis
216 2331 306 2383 serre,
321 2312 378 2371 hoc
392 2321 435 2370 est
450 2312 530 2388 quod
544 2332 596 2389 per
609 2314 705 2390 legem
722 2312 864 2382 Clodiam,
879 2328 1008 2368 mouve-

69 2430 156 2483 om,
165 2429 326 2482 Annonam,
338 2429 501 2482 nrnoonnn,
511 2431 662 2472 onnoonrur
680 2431 742 2472 srnn
757 2429 870 2470 unauna
884 2429 936 2468 svn
950 2426 1009 2467 nou

69 2528 182 2583 arcuna,
197 2530 255 2569 uon
273 2528 416 2580 mcvnmr,
432 2527 547 2576 ovouvn
567 2530 597 2569 nr
615 2530 665 2578 ovi
685 2528 901 2581 PROMVLGAVIT,
917 2525 1007 2566 nano·

70 2627 168 2680 onvrr,
184 2627 219 2668 ou
233 2625 295 2666 anu
308 2626 369 2665 narr
383 2626 495 2667 rourum
509 2626 667 2669 uvnrmvn
680 2630 733 2682 srr,
748 2630 775 2669 a.
790 2630 819 2669 rr.
833 2629 859 2668 Ι.
874 2629 902 2668 rr.
916 2625 943 2665 n
981 2624 1007 2677 4.

70 2709 166 2784 Atque
186 2707 243 2765 hoc
264 2707 294 2764 in
315 2706 368 2764 illis
389 2707 509 2766 tribunis
530 2708 567 2784 pl
588 2727 650 2768 non
671 2709 803 2768 laedebat
814 2728 822 2780 ;
844 2709 909 2784 lege
931 2705 1008 2764 enim

71 2806 182 2882 collegii
201 2805 244 2864 sui
265 2823 326 2862 non
345 2807 531 2878 tenebantur;
553 2826 611 2884 quo
630 2810 722 2866 maior
740 2817 784 2866 est
801 2807 922 2884 suspitio
936 2804 1008 2890 mal·

71 2905 136 2966 itiae
150 2905 276 2976 alicuius
291 2923 358 2962 cum
371 2904 410 2975 id,
424 2906 505 2980 quod
523 2907 560 2965 ad
577 2908 657 2983 ipsos
675 2906 745 2964 nihil
764 2907 934 2982 pertinebat,
948 2912 1008 2961 erat

73 3014 167 3064 autem
180 3013 280 3061 contra
293 3022 350 3073 me,
366 3003 549 3079 scripserunt,
563 3016 596 3064 ut
610 3007 677 3064 novi
692 3005 797 3063 tribuni
812 3003 861 3080 pl,
873 3004 897 3061 si
911 3011 1008 3061 essent

73 3103 236 3174 timidiores,
251 3103 341 3161 multo
362 3103 454 3180 magis
474 3101 527 3163 sibi
546 3123 583 3164 eo
603 3106 696 3181 capite
710 3104 852 3164 utendum
865 3110 1007 3178 putarent.

75 3203 174 3280 Neque
187 3203 249 3262 ida
263 3202 368 3262 Clodio
382 3205 616 3280 praetermissum
630 3215 693 3263 est:
715 3204 786 3262 dixit
800 3203 878 3261 enim
890 3202 921 3258 in
935 3218 1007 3258 con-

75 3304 150 3362 tione
169 3322 197 3362 a.
216 3303 243 3362 d.
265 3321 306 3361 111.
327 3301 430 3362 Nonas
451 3302 632 3362 Novembres
652 3303 710 3361 hoc
732 3302 825 3377 capite
850 3299 1006 3375 designatis

74 3403 188 3463 tribunis
207 3402 245 3479 pl.
261 3403 469 3479 praescriptum
483 3421 556 3474 esse,
567 3401 637 3478 quid
651 3401 747 3460 liceret
755 3420 763 3472 3
784 3409 883 3458 tamen
897 3398 927 3454 in
941 3397 1005 3471 lege

76 3503 149 3564 nulla
161 3521 225 3563 esse
239 3503 301 3562 eius
315 3501 395 3560 modi
410 3511 497 3580 eaput
511 3510 539 3560 te
553 3519 614 3560 non
628 3499 706 3573 fallit,
716 3516 784 3578 quo,
796 3498 820 3556 si
834 3513 908 3574 opus
921 3504 1007 3567 esset,

510 3617 563 3660 ua
