2452 3842
294 660 360 754 M.
399 659 644 756 TULLII
694 658 1085 754 CICERONIS

366 887 679 964 EP18TOLAE
720 829 1023 964 senseras.

588 1090 710 1156 PARS
740 1091 797 1156 iv.
874 1177 875 1183 Ν

449 1263 495 1318 79.
537 1259 594 1317 ΑΙ)
615 1259 809 1319 ATTICUM
830 1257 881 1317 XI.
907 1273 933 1334 5.

282 1377 349 1438 sci.
371 1375 523 1436 Bnurrnrsrr
544 1345 588 1434 rid.
611 1375 713 1435 Nonis
734 1375 915 1458 Novnnmms
936 1393 1021 1434 nuc.
1046 1378 1113 1451 706.

532 1502 634 1543 c1cnno
656 1502 763 1544 arrico
784 1501 845 1542 sna.

266 1620 290 1657 1.
316 1598 405 1672 Quas
429 1615 477 1656 me
503 1616 608 1658 causae
632 1599 783 1669 moverint,
805 1616 894 1674 quam
920 1600 1051 1670 acerbae,
1080 1619 1171 1676 quam

221 1717 333 1776 graveS,
348 1716 437 1774 quarn
456 1714 559 1767 novae,
576 1697 783 1774 coegerintque
796 1697 907 1774 impetu
928 1697 1022 1775 magis
1037 1699 1172 1774 quodam

221 1797 311 1858 animi
338 1797 379 1854 uti
407 1813 497 1872 quam
525 1796 711 1871 cogitatione,
741 1813 802 1853 non
830 1813 951 1871 possum
981 1795 1019 1854 ad
1047 1806 1077 1854 te
1110 1799 1173 1855 sine

221 1896 351 1956 maximo
375 1893 476 1953 dolore
499 1895 644 1966 scribere;
668 1893 784 1952 fuerunt
806 1893 925 1970 quidem
949 1904 1054 1966 tantae,
1074 1907 1110 1954 ut
1134 1897 1173 1967 id,

222 1994 304 2072 quod
317 1993 407 2064 vides,
422 1992 579 2051 effecerint.
624 1993 726 2069 Itaque
741 2010 795 2050 nec
810 1992 880 2068 quid
895 1993 932 2050 ad
947 2001 974 2050 te
989 1993 1121 2052 scribam
1138 1994 1175 2053 de

221 2094 294 2154 meis
310 2093 398 2152 rebus
418 2109 473 2149 nec
492 2089 561 2168 quid
581 2108 598 2148 a
617 2100 645 2148 te
659 2100 766 2166 petam,
781 2090 903 2166 reperio.
945 2089 1022 2149 Rern
1041 2101 1073 2149 et
1093 2111 1175 2151 sum-

221 2211 302 2252 rnam
322 2190 431 2268 negotii
445 2189 535 2248 vides,
577 2187 724 2264 Equidem
746 2208 782 2248 ex
801 2190 857 2247 tuis
877 2189 975 2247 litteris
994 2189 1127 2249 intellexi
1148 2203 1175 2251 et

221 2292 264 2362 iia,
279 2307 352 2367 quas
374 2287 567 2347 communiter
586 2305 654 2346 curn
674 2287 736 2345 aliis
755 2288 902 2364 scripsisti,
917 2299 945 2346 et
964 2288 1005 2361 iis,
1023 2307 1103 2364 quas
1123 2301 1175 2350 tuo

221 2390 350 2459 nomine,
372 2386 452 2463 quod
475 2386 562 2444 etiam
586 2404 653 2444 mea
676 2395 781 2463 sponte
802 2385 945 2457 videbam,
967 2396 996 2445 te
1018 2388 1120 2448 subita
1147 2410 1176 2448 re

223 2488 307 2564 quasi
321 2486 501 2546 debilitatum
515 2502 606 2543 novas
620 2485 746 2542 rationes
765 2485 865 2543 tuendi
878 2487 1101 2562 meiquaerere.
1152 2509 1177 2548 2.

224 2585 315 2656 Quod
344 2584 444 2642 scribis
468 2583 591 2658 placere,
616 2593 647 2640 ut
671 2583 792 2658 propius
820 2583 959 2642 accedam
984 2585 1099 2660 iterque
1124 2606 1178 2666 per

223 2682 333 2759 oppida
347 2691 437 2739 noctu
450 2679 565 2752 faciam,
580 2698 641 2738 non
656 2698 726 2738 sane
740 2680 833 2752 video,
849 2700 937 2758 quem
952 2683 989 2742 ad
1003 2684 1135 2744 modum
1151 2687 1179 2744 id

224 2781 285 2839 fieri
299 2780 391 2856 possit
399 2800 407 2852 ;
429 2797 526 2856 neque
541 2780 620 2837 enim
635 2780 674 2838 ita
688 2789 755 2856 apta
769 2779 864 2840 habeo
879 2780 1049 2853 deversoria,
1064 2794 1102 2842 ut
1116 2796 1180 2844 tota

224 2890 358 2955 tempora
379 2877 481 2936 diurna
503 2879 533 2935 in
559 2878 593 2935 iis
614 2879 726 2954 possim
750 2897 930 2952 consumere,
952 2899 1046 2957 neque
1072 2884 1116 2941 ad
1141 2886 1180 2953 id,

225 2978 306 3054 quod
330 2977 453 3053 quaeris,
476 2975 600 3033 multum
625 2977 752 3047 interest,
778 2987 875 3035 utrum
902 2997 949 3037 me
977 2978 1120 3041 homines
1152 2985 1181 3041 in

225 3076 336 3153 oppido
356 3074 472 3132 videant
493 3093 531 3132 an
552 3074 581 3131 in
598 3074 652 3133 via
696 3074 755 3133 Sed
778 3085 877 3134 tamen
898 3077 956 3136 hoc
979 3079 1087 3154 ipsum,
1106 3082 1182 3141 sicut

228 3177 291 3246 alia,
314 3173 506 3233 considerabo
532 3191 622 3249 quem
646 3173 682 3231 ad
703 3174 827 3232 modum
849 3176 1091 3235 commodissime
1118 3181 1182 3240 fieri

152 3306 155 3311 ·
227 3292 316 3351 posse
330 3270 467 3331 videatur.
511 3289 537 3344 3.
560 3269 626 3346 Ego
640 3281 760 3348 propter
774 3273 972 3332 incredibilem
991 3285 1019 3333 et
1037 3277 1135 3337 animi
1155 3291 1182 3339 et

227 3371 358 3448 corporis
373 3369 535 3427 molestiam
551 3369 695 3428 conficere
709 3371 806 3446 plures
820 3372 928 3432 litteras
942 3391 1003 3432 non
1016 3377 1123 3452 potui;
1149 3381 1182 3438 iis
