2454 3842
224 226 265 294 70
493 221 533 273 nr.
558 221 677 272 runnu
698 221 885 272 crcnroms
1050 205 1126 297 [ras
1142 223 1169 269 11.

223 371 380 432 Ientrulum
393 380 524 431 nostrum
538 372 645 432 eximia
658 391 711 450 spe
724 389 856 433 summae
869 372 980 431 virtutis
994 372 1169 432 adulescen-

222 481 283 530 tem
297 487 365 529 cum
378 470 480 529 ceteris
494 471 611 542 artibus,
622 471 726 547 quibus
741 471 872 529 studuisti
886 488 1002 546 semper
1015 471 1094 547 ipse,
1110 481 1167 528 turn

222 569 254 626 in
267 568 367 644 primis
383 569 543 628 imitatione
562 570 604 627 tui
624 568 670 628 fac
688 569 802 628 erudias
812 590 821 641 ;
843 569 921 628 nulla
941 569 1021 628 enim
1044 570 1102 628 erit
1116 568 1166 626 hac

222 667 414 743 praestantior
433 667 601 742 disciplina:
624 684 712 743 quem
726 685 787 738 nos
802 676 831 726 et
843 668 912 743 quia
925 677 993 725 tuus
1011 677 1043 725 et
1058 668 1129 744 quia
1141 679 1165 724 te

221 765 327 842 dignus
348 774 392 824 est
406 764 480 824 filius
500 774 529 823 et
542 765 611 840 quia
630 782 686 824 nos
707 764 798 841 diligit
819 783 993 842 semperque
1012 763 1166 834 dilexitin

222 864 321 942 primis
335 881 467 923 amamus
481 881 639 939 carumque
651 863 802 922 habemus.

415 1042 462 1096 27.
503 1036 560 1096 An
581 1035 830 1096 enuntians
852 1037 921 1096 vir.
944 1052 971 1112 5.

364 1153 429 1214 Sca.
453 1153 562 1213 Roman
583 1171 677 1212 uersa
697 1152 821 1213 Manno
841 1172 926 1214 auc.
949 1166 1019 1228 700.

491 1279 593 1320 cremo
613 1279 734 1320 cansam
754 1279 812 1321 nm.
833 1279 856 1320 S.
870 1280 899 1320 n.

267 1392 292 1432 r.
306 1372 492 1449 Vrnn,quam
505 1374 575 1432 mihi
584 1376 775 1450 persuaserim
785 1385 814 1434 te
828 1393 876 1434 me
891 1394 955 1435 esse
970 1377 1098 1436 alterum
1109 1390 1164 1437 non

223 1472 315 1531 modo
336 1473 366 1531 in
387 1474 421 1532 iis
441 1475 535 1543 rebus,
551 1491 625 1550 quae
646 1474 684 1533 ad
703 1492 751 1533 me
771 1476 875 1551 ipsum,
891 1475 942 1534 sed
963 1476 1054 1535 etiam
1076 1478 1163 1546 iniis,

223 1588 299 1647 quae
319 1570 357 1629 ad
377 1590 461 1630 meos
481 1571 644 1648 pertinent:
666 1571 700 1632 C.
716 1571 886 1631 Trebatium
907 1575 1080 1650 cogitaram,
1096 1594 1164 1653 quo·

218 1688 348 1746 ¹cumque
372 1672 489 1742 exirem,
514 1690 631 1730 mecum
653 1672 768 1743 ducere,
789 1682 822 1731 ut
842 1691 910 1731 eum
933 1674 1006 1732 meis
1030 1677 1163 1734 omnibus

224 1769 334 1839 studiis,
348 1769 495 1827 beneficiis
510 1787 598 1845 quam
612 1771 830 1829 ornatissimum
851 1771 973 1829 domum
987 1773 1162 1832 reducerem.

225 1866 284 1925 Sed
297 1876 400 1943 postea
418 1885 507 1943 quam
527 1877 555 1926 et
569 1867 701 1945 Pompeii
715 1868 906 1926 commoratio
920 1869 1084 1928 diutnmior
1097 1879 1161 1940 erat,

222 1984 311 2042 quam
325 1975 466 2042 putaram,
480 1975 508 2024 et
524 1985 591 2025 mea
605 1966 749 2043 quaedam
762 1966 814 2024 tibi
828 1985 889 2025 non
903 1967 1004 2044 ignota
1025 1967 1161 2027 dubitatio

222 2075 272 2126 aut
299 2063 437 2142 impedire
468 2063 680 2141 profectionem
712 2083 808 2123 meam
834 2065 983 2124 videbatur
1010 2077 1059 2124 aut
1088 2077 1160 2126 certe

222 2164 345 2236 tardare,
359 2164 433 2235 vide,
448 2162 517 2240 quid
532 2163 602 2221 mihi
617 2163 807 2240 sumpserim:
829 2165 913 2240 coepi
923 2164 994 2222 velle
1008 2183 1045 2223 ea
1052 2165 1159 2224 Treba-

222 2265 295 2322 tium
308 2272 476 2340 exspectare
491 2271 558 2333 ate,
574 2279 649 2338 quae
668 2270 812 2337 sperasset
831 2281 848 2320 a
863 2280 920 2332 me,
935 2280 1030 2338 neque
1051 2264 1159 2322 meher-

223 2362 287 2420 cule
308 2363 405 2420 minus
430 2361 457 2419 ei
483 2360 595 2436 prolixe
619 2361 655 2418 de
679 2369 729 2418 tua
750 2361 897 2419 voluntate
922 2360 1050 2436 promisi,
1074 2380 1159 2438 quam

223 2477 303 2517 eram
325 2460 424 2518 solitus
448 2458 485 2517 de
506 2477 574 2516 mea
594 2458 731 2535 polliceri.
774 2477 800 2517 a.
822 2458 916 2517 Casus
938 2477 1006 2517 vero
1028 2461 1159 2519 mirificus

224 2556 342 2632 quidam
356 2557 506 2615 intervenit
516 2557 599 2632 quasi
609 2556 654 2615 vel
666 2556 748 2616 testis
761 2557 907 2632 opinionis
921 2575 1006 2615 meae
1016 2557 1060 2615 vel
1073 2576 1159 2635 spon-

225 2671 273 2712 sor
283 2653 467 2714 humanitatis
481 2665 560 2713 tuae:
581 2673 650 2713 nam
665 2673 732 2714 cum
747 2654 852 2714 dehoc
866 2655 931 2732 ipso
944 2654 1080 2713 Trebatio
1095 2675 1158 2715 cum

224 2751 317 2811 Balbo
332 2761 432 2811 nostro
446 2753 579 2830 loquerer
594 2755 753 2813 accuratius
770 2753 849 2813 domi
864 2773 957 2825 meae,
972 2754 1077 2812 litterae
1091 2757 1158 2816 mihi

223 2851 329 2909 dantur
350 2870 368 2910 a
388 2860 424 2923 te,
449 2853 553 2929 quibus
577 2854 608 2912 in
632 2853 769 2912 extremis
797 2853 936 2928 scriptum
959 2861 1035 2912 erat:
1063 2853 1157 2924 ‘M.†

224 2950 354 3023 itfiuium,
365 2968 453 3026 quem
467 2949 537 3008 mihi
552 2951 750 3022 commendas,
762 2952 807 3009 vel
820 2968 920 3026 regem
932 2950 1042 3010 Galliae
1051 2951 1156 3024 faciam,

223 3049 268 3108 vel
286 3049 363 3108 hunc
382 3048 526 3126 †Leptae
549 3049 658 3126 delega,
674 3051 698 3109 si
711 3051 769 3108 vis:
791 3060 822 3109 tu
843 3050 880 3108 ad
901 3068 949 3108 me
970 3051 1055 3108 alium
1073 3053 1155 3124 mitte,

224 3167 312 3225 quem
327 3149 446 3209 omem!
483 3149 656 3208 Sustulimus
669 3168 772 3208 manus
787 3160 815 3208 et
830 3168 886 3226 ego
901 3159 929 3208 et
938 3147 1060 3208 Balbus:
1078 3158 1155 3208 tanta

224 3247 277 3306 fuit
293 3248 504 3324 opportunitas,
518 3256 550 3306 ut
564 3247 634 3306 illud
652 3248 753 3306 nescio
771 3247 842 3323 qnid
861 3265 922 3306 non
942 3247 1092 3317 fortuitum,
1107 3248 1155 3307 sed

224 3346 353 3406 divinum
373 3347 522 3406 videretur.
566 3344 653 3403 Mitto
677 3345 763 3420 igitur
785 3344 823 3403 ad
844 3354 872 3402 te
888 3343 1056 3403 Trebatium
1074 3355 1154 3424 atque

224 3445 264 3502 ita
284 3444 376 3513 mitto,
397 3451 429 3500 ut
449 3442 530 3499 initio
550 3459 617 3500 mea
638 3449 751 3516 sponte,
768 3449 835 3518 post
856 3452 953 3502 autem
973 3442 1084 3503 invitatu
1099 3453 1152 3504 tuo
1191 3441 1203 3812 Ι
