2436 3836
31 275 80 336 ap.
100 283 156 337 130,
171 258 238 342 ψ]
269 270 383 319 uersa.
398 270 448 318 Ab
462 271 687 319 FAMILIARES
708 273 742 320 x.
760 275 811 341 27.
920 277 938 325 2
942 276 981 344 57

30 434 115 484 esset
133 423 234 494 lutura,
254 424 358 481 vellem
376 434 474 482 tamen
494 441 577 481 meae
597 441 714 499 quoque
734 423 910 483 auctoritatis
929 443 984 500 pro

30 522 171 596 plurimis
192 521 298 580 nostris
322 521 584 579 necessitudinibus
608 530 795 596 praeceptum
818 522 857 580 ad
880 531 909 580 te
934 522 984 580 ali-

31 621 121 696 quod
140 621 298 695 pervenire.
340 618 435 678 Crede
454 619 539 694 igitur
558 620 637 690 mihi,
652 618 767 690 Plance,
783 634 895 692 omnes,
910 638 984 697 quos

32 717 136 778 adhuc
151 719 258 794 gradus
272 717 418 793 dignitatis
433 727 606 776 consecutus
625 718 737 777 sis-es
751 727 848 776 autem
862 719 985 796 adeptus

33 817 285 893 amplissimos-,
315 835 366 874 eos
395 815 540 875 honorum
568 817 709 875 vocabula
739 818 896 888 habituros
924 834 985 875 non

33 915 189 991 dignitatis
210 915 341 991 insignia,
363 915 418 972 nisi
439 924 467 972 te
490 933 558 972 cum
580 915 709 973 libertate
733 916 834 992 populi
858 914 986 973 Romani

34 1027 67 1074 et
99 1031 167 1072 cum
195 1023 311 1072 senatus
345 1013 513 1071 auctoritate
544 1014 737 1073 coniunxeris.
790 1014 916 1090 Seiunge
948 1024 985 1083 te,

33 1128 163 1191 quaeso,
178 1109 333 1187 aliquando
354 1113 392 1168 ab
414 1111 456 1182 iis,
472 1130 539 1182 cum
560 1113 664 1188 quibus
685 1122 714 1171 te
733 1131 794 1172 non
812 1122 895 1171 tuum
912 1113 986 1171 iudi-

5 1273 6 1276 ,
34 1215 129 1281 cium,
145 1211 197 1268 sed
215 1219 380 1285 temporum
394 1209 487 1267 vincla
501 1210 720 1270 coniunxerunt.
765 1231 791 1285 3.
814 1199 988 1288 Compluris

34 1313 70 1370 in
101 1309 317 1385 perturbatione
339 1308 379 1365 rei
407 1308 539 1382 publicae
564 1310 731 1369 consulares
761 1311 837 1380 dicti,
862 1327 987 1386 quorum

36 1425 133 1468 nemo
148 1406 306 1465 consularis
321 1405 434 1464 habitus
448 1413 489 1463 est
504 1407 558 1465 nisi
573 1409 622 1482 qui
643 1409 741 1466 animo
755 1408 863 1466 exstitit
882 1409 912 1466 in
926 1426 988 1465 rem

35 1506 191 1584 publicam
216 1505 367 1563 consulari.
409 1504 514 1563 Talem
541 1506 628 1580 igitur
649 1516 677 1564 te
702 1524 765 1565 esse
790 1515 913 1583 oportet,
940 1506 988 1583 qui

35 1603 171 1679 primum
204 1611 232 1659 te
263 1603 300 1660 ab
333 1602 489 1678 impiorum
522 1602 626 1660 civium
660 1603 701 1661 tui
733 1595 988 1662 dissimillimorum

5 1747 7 1779 3
36 1701 182 1759 societate
204 1702 349 1776 seiungas,
371 1700 476 1758 deinde
496 1710 526 1759 te
548 1703 659 1759 senatui
685 1704 829 1778 bonisque
852 1703 989 1761 omnibus

5 1849 6 1854 ,
36 1808 203 1870 auctorem,
232 1799 402 1875 principem,
431 1799 537 1857 ducem
571 1801 733 1874 praebeas,
750 1811 898 1877 postremo
931 1796 988 1879 [ut]

36 1915 149 1976 pacem
168 1915 233 1957 esse
251 1898 361 1957 iudices
381 1917 442 1958 non
463 1901 493 1956 in
514 1900 601 1957 armis
622 1900 732 1975 positiS,
755 1901 857 1958 sedin
877 1899 990 1957 abiecto

37 2015 194 2058 armorum
210 2007 240 2056 et
257 1998 398 2058 servitutis
417 2006 505 2057 metu.
547 1998 632 2056 Haec
652 1999 676 2056 si
695 2008 723 2056 et
742 2017 812 2075 ages
830 2008 859 2056 et
873 1997 989 2064 senties,

6 2107 7 2140 3
37 2109 108 2156 tum
131 2096 187 2154 eris
210 2114 271 2154 non
298 2096 390 2154 modo
415 2097 518 2154 consul
542 2105 570 2154 et
598 2096 766 2167 consularis,
790 2094 841 2154 sed
865 2112 990 2169 magnus

36 2194 134 2254 etiam
156 2193 257 2252 consul
279 2202 309 2251 et
332 2194 509 2266 consularis;
539 2195 584 2251 sin
605 2194 692 2265 aliter,
715 2203 777 2252 turn
797 2195 827 2251 in
848 2194 909 2250 istis
930 2210 991 2249 am-

5 2326 8 2362 5
37 2291 183 2371 plissimis
204 2293 371 2351 nominibus
393 2293 539 2350 honomm
560 2309 621 2349 non
645 2292 737 2350 modo
759 2292 883 2367 dignitas
913 2289 992 2347 nulla

5 2428 6 2432 =
38 2391 107 2460 erit,
124 2390 176 2448 sed
190 2391 242 2449 erit
259 2409 374 2450 summa
389 2388 563 2448 deformitas.
606 2389 691 2448 Haec
704 2390 846 2465 impulsus
865 2389 991 2446 benevo-

5 2527 7 2560 3
37 2488 136 2547 lentia
156 2489 257 2564 scripsi
277 2488 364 2564 paulo
386 2489 520 2560 severius,
542 2506 618 2564 quae
643 2497 673 2545 tu
700 2488 729 2544 in
754 2485 932 2562 experiendo
957 2503 992 2543 ea

5 2631 6 2663 3
37 2586 167 2655 ratione,
182 2603 257 2662 quae
276 2595 305 2644 te
320 2587 409 2663 digna
427 2596 480 2658 est,
495 2604 562 2645 vera
581 2601 645 2645 esse
665 2603 837 2661 cognosces.
879 2581 916 2643 D.
931 2601 991 2641 xm.

39 2683 115 2744 Kal.
130 2684 202 2760 Apr.

238 2845 303 2902 131.
346 2842 404 2901 An
426 2841 678 2901 alirumnas
700 2840 737 2898 x.
761 2853 807 2914 η.

193 2945 258 3016 Sea.
281 2955 390 3016 Roman
410 2975 504 3016 nausa
525 2957 649 3016 Manno
670 2973 754 3016 nuc.
777 2967 845 3029 711.

367 3079 470 3124 cronno
492 3081 596 3122 anemo
616 3079 677 3121 sar..

5 3206 9 3262 j
94 3177 231 3250 1.Qtton
258 3177 330 3236 mihi
357 3195 412 3255 pro
436 3197 551 3236 summa
571 3197 629 3236 mea
653 3196 723 3254 erga
743 3185 771 3236 te
792 3178 993 3237 benevolentia

7 3319 15 3360 3
41 3293 177 3353 magnae
205 3295 289 3334 curae
317 3286 370 3348 est,
397 3287 429 3334 ut
456 3295 544 3353 quam
572 3276 749 3352 amplissima
777 3275 915 3352 dignitate
944 3279 991 3347 sis,

5 3423 11 3457 ,3
42 3377 173 3441 moleste
194 3373 246 3432 tuli
267 3383 296 3432 te
318 3375 430 3434 senatui
450 3376 557 3450 gratias
576 3393 637 3432 non
659 3376 761 3449 egisse,
777 3393 842 3433 cum
862 3393 942 3434 esses
956 3377 993 3434 ab

5 3457 16 3536 :s
45 3497 88 3539 eo
109 3472 211 3533 ordino
232 3482 351 3532 omatus
372 3474 493 3532 summis
513 3473 681 3532 honoribus.
722 3472 806 3531 Pacis
827 3474 899 3532 inter
919 3473 994 3532 cives

515 3588 530 3629 s
