2452 3842
82 190 184 274 spen]
271 203 384 254 arrsr.
407 204 457 252 ao
478 204 700 253 rammasse
725 207 770 253 vr.
793 192 823 254 6.
959 213 1017 278 199

81 361 192 421 fortuna
212 364 361 436 omnium3
390 363 503 435 deinde,
523 374 556 423 ut
575 365 606 423 in
627 383 693 423 eam
712 365 855 424 civitatem
876 367 946 424 boni
967 367 1018 424 viri

81 470 109 518 et
129 462 196 519 boni
217 461 293 521 cives
313 462 392 521 nulla
411 463 571 538 ignominia
592 463 682 521 notati
703 480 764 521 non
784 471 969 534 revertantur,
988 465 1017 522 in

81 577 165 635 quam
190 569 233 618 tot
255 559 429 619 nefariorum
453 561 595 619 scelerum
619 561 806 619 condemnati
833 572 1017 621 reverterunt.

85 676 127 714 12.
147 655 248 716 Habes
274 658 426 734 augurium
453 676 561 727 meum,
583 676 651 735 qu0,
674 657 788 734 siquid
809 658 1017 730 addubitarem,

79 772 141 812 non
153 756 249 830 potius
268 765 363 814 uterer
384 774 472 833 quam
490 756 538 814 illa
558 755 767 826 consolatione,
781 775 840 832 qua
857 756 939 816 facile
959 757 1017 817 sor-

78 865 138 912 tem
158 854 250 912 virum
272 863 479 914 sustentarem:
510 864 547 925 te,
573 855 597 913 si
625 853 773 930 explorata
795 855 914 914 victoria
938 876 1018 917 arma

79 951 249 1028 sumpsisses
276 969 331 1028 pro
358 971 390 1012 re
417 952 619 1028 publica—ita
646 953 725 1011 enim
751 961 813 1010 turn
841 954 1017 1028 putabas-,

79 1069 139 1108 non
162 1050 248 1108 nimis
267 1067 332 1108 esse
352 1049 547 1120 laudandum;
569 1049 613 1108 sin
635 1058 754 1125 propter
777 1050 902 1111 incertos
925 1054 1018 1113 exitus

78 1156 253 1223 eventusque
290 1146 431 1205 bellorum
469 1163 558 1223 posse
593 1146 731 1217 accidere,
761 1157 793 1206 ut
830 1149 1017 1224 vinceremur,

77 1256 218 1325 putasses
243 1263 304 1304 non
332 1244 438 1304 debere
466 1254 494 1302 te
518 1243 556 1303 ad
583 1245 742 1302 secrmdam
769 1244 914 1305 fortunam
942 1249 1017 1310 bene

76 1354 208 1422 paratum
229 1344 325 1415 luisse,
343 1342 493 1402 adversam
513 1342 586 1400 ferre
605 1343 685 1402 nullo
704 1343 794 1403 modo
812 1363 910 1420 posse.
951 1346 1017 1406 Dis·

76 1454 208 1522 putarem
230 1443 325 1513 etiam,
348 1451 457 1518 quanto
479 1441 586 1500 solacio
611 1441 663 1501 tibi
683 1443 860 1506 conscientia
880 1446 921 1503 tui
943 1444 1018 1520 iacti,

75 1553 202 1622 quantae
226 1540 408 1599 delectationi
431 1541 460 1597 in
485 1540 571 1598 rebus
594 1540 720 1599 adversis
744 1540 853 1600 litterae
880 1560 944 1602 esse
969 1545 1018 1604 de·

74 1645 194 1714 berent;
215 1656 475 1698 commemorarem
494 1657 555 1696 non
575 1639 671 1697 solum
687 1648 825 1711 veterum,
845 1641 897 1700 sed
914 1642 1018 1702 horum

73 1741 164 1800 etiam
190 1738 349 1798 recentium
370 1736 414 1794 vel
442 1736 550 1795 ducum
574 1737 619 1796 vel
642 1737 783 1796 comitum
811 1748 927 1798 tuorum
954 1759 1018 1816 gra-

73 1838 208 1897 vissimos
244 1853 345 1907 casus3
381 1834 468 1894 etiam
503 1843 638 1892 externos
670 1818 779 1894 multos
814 1836 907 1896 claros
941 1841 1018 1899 viros

72 1937 275 2008 nominarem;
306 1934 381 1992 levat
403 1933 481 1992 enim
501 1932 633 1992 dolorem
653 1933 817 1991 communis
839 1936 921 2010 quasi
946 1937 1018 2013 legis

73 2046 103 2095 et
138 2035 281 2094 humanae
316 2032 495 2092 condicionis
529 2030 701 2090 recordatio.
761 2049 805 2105 13.
829 2032 1018 2109 Exponerem

72 2135 170 2205 etiam,
186 2152 273 2211 quem
294 2134 332 2192 ad
352 2132 475 2191 modum
495 2131 542 2190 hic
563 2139 592 2188 et
612 2139 722 2206 quanta
741 2131 772 2188 in
792 2133 875 2190 turba
895 2144 1016 2208 quanta·

71 2235 187 2311 quein
211 2231 384 2291 confusione
411 2248 507 2288 rerum
531 2229 664 2288 omnium
688 2228 865 2302 viveremus;
897 2249 1017 2294 necesse

70 2343 118 2392 est
148 2332 227 2390 enim
257 2331 369 2388 minore
404 2328 546 2388 desiderio
573 2327 686 2404 perdita
715 2347 746 2387 re
776 2329 892 2403 publica
920 2348 1017 2389 carere

69 2448 164 2508 quam
190 2431 278 2488 bona
321 2427 379 2487 Sed
406 2427 463 2486 boc
487 2445 594 2504 genere
621 2425 691 2484 nihil
715 2443 792 2502 opus
816 2435 876 2485 est:
907 2428 1018 2488 incolu-

68 2538 206 2587 memte
234 2528 301 2598 cito,
324 2535 356 2585 ut
384 2543 479 2602 spero,
504 2525 550 2584 vel
572 2527 677 2602 potius,
702 2535 734 2584 ut
762 2526 913 2602 perspicio,
939 2527 1017 2586 vide,-

67 2628 177 2686 bimus.
220 2626 335 2684 Interea
358 2625 410 2684 tibi
433 2625 545 2683 absenti
566 2635 595 2683 et
619 2624 694 2696 huic,
716 2625 765 2701 qui
786 2625 876 2696 adest,
898 2626 1017 2702 imagini

66 2727 164 2786 animi
184 2736 212 2784 et
232 2724 363 2801 corporis
384 2724 434 2796 tui,
456 2724 691 2782 constantissimo
713 2733 799 2800 atque
823 2725 935 2800 optimo
957 2726 1017 2785 filio

64 2837 132 2895 tu0,
153 2824 289 2894 studium,
308 2823 444 2893 officium,
462 2840 592 2899 operam,
612 2821 742 2882 laborem
762 2841 861 2882 meum
881 2824 940 2882 iam
959 2827 1014 2902 pri·

65 2924 141 2982 dem
157 2933 185 2982 et
198 2921 342 2998 pollicitus
360 2930 469 2979 sumet
488 2919 575 2978 detuli
584 2937 592 2990 ;
614 2938 693 2979 nunc
711 2921 769 2980 hoc
788 2922 920 2998 amplius,
935 2922 1017 2998 quod

63 3039 120 3079 me
142 3021 316 3080 amicissime
336 3018 464 3096 quotidie
484 3017 578 3092 magis
598 3017 706 3078 Caesar
725 3020 913 3097 amplectitur,
934 3019 1017 3078 lami·

62 3122 157 3180 liares
179 3118 297 3194 quidem
321 3118 392 3188 eius,
413 3116 496 3175 sicuti
518 3117 674 3176 neminem.
715 3119 807 3195 Apud
827 3137 915 3195 quem
936 3120 1017 3195 quic-

61 3217 143 3296 quid
168 3215 271 3275 valebo
296 3216 340 3276 vel
367 3217 536 3274 auctoritate
560 3217 606 3275 vel
632 3218 733 3294 gratia,
755 3217 858 3277 valebo
886 3218 954 3276 tibi:
986 3227 1017 3277 tu

60 3333 141 3377 cura
162 3325 194 3373 ut
213 3333 280 3373 cum
297 3313 472 3374 firmitudine
490 3323 518 3372 te
535 3316 636 3389 animi,
651 3325 712 3374 turn
732 3316 819 3374 etiam
836 3334 888 3392 spe
907 3316 1018 3392 optima

60 3423 228 3475 sustentes.
