2454 3842
168 229 210 309 84
440 240 478 290 Μ.
504 239 625 290 ruarrr
645 239 832 288 ciceronis
1001 221 1077 313 [rm
1094 217 1127 289 ir.

167 409 256 468 saepe
270 389 345 450 facio
362 389 423 450 deis
437 391 663 467 hominibusque
678 390 915 468 adprobantibus.
958 388 1071 448 Habes
1087 391 1125 448 de
1146 393 1148 398 ’

168 489 294 559 Vatinio,
315 507 462 566 cognosce
483 490 520 549 de
542 490 658 550 Crasso.
704 508 749 548 ao.
772 488 849 564 Ego,
864 506 933 547 cnm
952 487 1025 546 mihi
1051 507 1126 546 cum

166 587 215 647 illo
229 606 338 664 magna
352 589 409 647 iam
423 589 515 665 gratia
528 598 613 659 esset,
629 587 710 665 quod
724 588 786 646 eius
804 605 908 646 omnes
927 586 1126 662 gravissimas

167 685 285 745 iniurias
306 688 471 746 communis
492 687 668 746 concordiae
689 704 777 745 causa
801 686 960 744 voluntaria
985 685 1126 762 quadam

167 781 312 840 oblivione
351 783 551 851 contriveram,
590 783 772 858 repentinam
810 783 871 841 eius
911 780 1126 839 defensionem

168 878 295 952 Gabinii,
316 898 405 957 quem
428 879 570 956 proximis
597 875 820 961 [superioribus]
847 881 949 938 diebus
973 881 1126 938 acerrime

167 988 378 1055 oppugnasset,
399 987 505 1049 tamen,
526 979 551 1037 si
572 979 634 1037 sine
655 979 713 1038 ulla
733 997 800 1037 mea
820 977 993 1036 contumelia
1013 995 1126 1038 susce·

167 1076 266 1152 pisset,
287 1077 433 1148 tulissem;
462 1076 525 1148 sed,
547 1094 614 1135 cum
640 1094 688 1136 me
714 1077 919 1153 disputantem,
939 1093 999 1133 non
1020 1076 1126 1136 laces·

167 1185 280 1232 sentem
301 1172 439 1244 laesisset,
457 1175 551 1232 exarsi
572 1193 633 1232 non
655 1174 750 1234 solum
770 1175 924 1251 praesenti,
944 1173 1043 1245 credo,
1062 1177 1126 1234 ira-

168 1272 385 1330 cundia-nam
407 1291 442 1331 ea
466 1281 526 1331 tam
548 1273 705 1332 vehemens
725 1273 849 1333 sortasse
869 1293 931 1332 non
951 1273 1056 1333 fuisset
1069 1308 1125 1348 -,

169 1370 229 1440 sed,
254 1388 321 1428 curn
346 1370 490 1430 inclusum
513 1371 583 1430 illud
608 1372 708 1433 odium
736 1373 891 1431 multarum
918 1373 979 1430 eius
1006 1373 1036 1430 in
1070 1392 1125 1433 me

168 1468 344 1538 iniuriarum,
360 1469 440 1545 quod
459 1487 516 1545 ego
536 1470 673 1530 effudisse
691 1489 739 1529 me
757 1489 846 1530 omne
864 1471 1028 1541 arbitrabar,
1044 1474 1125 1531 resi-

169 1570 260 1628 duum
274 1577 373 1626 tamen
388 1568 527 1628 insciente
541 1570 712 1641 metuisset,
728 1589 817 1630 omne
834 1581 953 1647 repente
972 1574 1124 1648 apparuit.

170 1665 240 1738 Quo
254 1666 373 1743 quidem
388 1675 520 1742 tempore
536 1669 601 1744 ipso
618 1669 736 1745 quidam
755 1668 898 1741 homines,
914 1678 942 1727 et
961 1670 1049 1727 iidem
1072 1671 1124 1741 illi,

169 1783 244 1842 quos
265 1783 352 1840 saepe
371 1772 441 1822 nutu
461 1766 730 1843 significationeque
748 1768 871 1848 appelle,
888 1786 955 1826 curn
974 1786 1005 1826 se
1022 1771 1125 1827 maxi-

170 1883 252 1924 mum
273 1864 397 1923 fructum
419 1865 531 1941 cepisse
557 1867 685 1925 dicerent
707 1885 743 1926 ex
767 1867 897 1926 libertate
922 1883 989 1926 mea
1011 1886 1124 1945 meque

170 1975 232 2024 tum
247 1964 373 2040 denique
388 1963 441 2021 sibi
461 1981 525 2022 esse
546 1966 639 2022 visum
659 1967 700 2024 rei
718 1966 861 2041 publicae,
877 1967 969 2043 qualis
987 1966 1124 2040 fuissem,

170 2064 340 2134 restitutum,
351 2080 477 2138 cumque
492 2081 527 2120 ea
542 2065 690 2122 contentio
705 2063 775 2122 mihi
789 2082 931 2140 magnum
946 2066 1033 2123 etiam
1048 2065 1125 2126 ioris

171 2165 294 2224 fructum
306 2164 422 2231 tulisset,
432 2162 560 2240 gaudere
571 2182 602 2221 se
615 2165 750 2222 dicebant
760 2164 829 2221 mihi
842 2174 870 2223 et
880 2165 958 2222 illum
969 2165 1122 2224 inimicum

171 2274 200 2322 et
228 2282 288 2333 eos,
313 2263 362 2339 qui
391 2262 420 2320 in
450 2261 552 2318 eadem
579 2279 667 2320 causa
691 2272 797 2333 essent,
821 2281 982 2339 numquam
1007 2264 1123 2324 amicos

172 2363 299 2421 futuros:
315 2379 440 2437 quorum
455 2359 545 2437 iniqui
561 2379 711 2419 sermones
726 2379 793 2418 cum
808 2360 908 2419 adme
923 2380 974 2437 per
985 2361 1124 2422 homines

171 2460 392 2518 honestissimos
412 2457 605 2535 perferrentur
624 2477 749 2535 cumque
770 2459 928 2537 Pompeius
943 2461 983 2517 ita
998 2469 1124 2518 conten-

173 2557 271 2627 disset,
285 2565 316 2614 ut
336 2556 406 2612 nihil
425 2547 566 2640 umquam
580 2558 684 2632 magis,
699 2567 731 2615 ut
745 2576 812 2616 cum
828 2557 936 2618 Crasso
950 2558 1076 2617 redirem
1092 2560 1123 2617 in

172 2655 302 2730 gratiam,
319 2652 485 2732 Caesarque
500 2673 552 2730 per
566 2656 672 2714 litteras
686 2657 814 2714 maxima
829 2675 861 2716 se
875 2657 1009 2716 molestia
1023 2677 1060 2716 ex
1074 2659 1123 2717 illa

173 2752 361 2812 contentione
385 2751 531 2810 adfectum
556 2756 733 2825 ostenderet,
754 2754 842 2812 habui
867 2773 928 2812 non
953 2765 1122 2833 temponrm

173 2851 268 2911 solum
283 2850 426 2908 rationem
445 2869 587 2922 meorum,
603 2853 656 2912 sed
675 2855 762 2912 etiam
784 2863 912 2926 naturae,
927 2853 1122 2930 Crassusque,

173 2959 205 3008 ut
216 2949 298 3025 quasi
313 2957 416 3008 testata
429 2950 538 3026 populo
554 2950 691 3011 Romano
706 2961 783 3012 esset
797 2963 897 3011 nostra
911 2954 1011 3030 gratia,
1025 2972 1123 3030 paene

174 3067 192 3107 a
212 3049 285 3106 meis
307 3046 429 3106 Laribus
450 3049 479 3106 in
501 3050 680 3124 provinciam
702 3060 745 3110 est
765 3051 930 3127 profectus;
952 3071 1031 3122 nam,
1053 3072 1122 3112 cum

174 3147 246 3206 mihi
265 3147 451 3218 condixisset,
467 3149 579 3206 cenavit
598 3149 677 3225 apud
695 3168 743 3208 me
762 3148 791 3207 in
810 3151 869 3208 mei
887 3151 987 3226 generi
1009 3150 1121 3210 Crassi-

175 3246 257 3322 pedis
271 3245 374 3322 hortis.
417 3245 516 3318 Quam
534 3249 573 3305 ob
587 3267 649 3307 rem
663 3249 725 3307 eius
739 3266 867 3319 causam,
883 3248 962 3324 quod
976 3258 1004 3307 te
1020 3250 1121 3308 scribis

175 3346 300 3416 audisse,
318 3363 426 3420 magna
446 3345 521 3403 illius
543 3347 798 3405 commendatione
817 3358 984 3422 susceptam
1003 3347 1123 3406 defendi

102 3427 104 3434 '
177 3444 206 3498 in
235 3453 346 3512 senatu,
372 3443 446 3500 sicut
472 3459 539 3500 mea
567 3442 639 3501 fides
666 3444 841 3517 postulabat.
893 3462 938 3501 ar.
962 3443 1121 3521 Accepisti,
