2436 3836
206 214 268 284 262
483 223 522 275 u.
548 223 669 273 ruanrr
689 223 882 272 creanonrs
1054 210 1153 295 [aaa

205 375 337 438 evenerit.
380 374 450 446 Res,
472 393 540 434 cum
560 373 634 434 haec
662 374 832 444 scribebam,
854 381 920 432 erat
944 374 979 432 in
1001 384 1153 434 extremum

205 475 330 536 adducta
342 474 513 546 discrimen;
535 473 642 531 Brutus
657 473 735 532 enim
749 471 882 531 Mutinae
897 473 951 530 vix
964 474 1031 532 iam
1046 474 1154 533 sustine
1200 485 1205 574 Ι

204 576 271 634 bat:
293 573 379 650 quisi
394 581 580 632 conservatus
599 572 660 643 erit,
675 571 813 642 vicimus;
835 569 1020 647 sin—quod
1035 572 1067 632 di
1081 588 1154 630 omen

206 683 335 732 avertant
344 673 400 743 l-,
412 671 509 730 omnis
530 670 662 730 omnium
683 686 783 729 cursus
799 677 843 728 est
863 668 904 727 ad
923 687 994 730 vos.
1043 668 1156 729 Proinde
1201 601 1205 736 l

206 771 252 830 fac
266 771 395 828 animum
409 779 522 830 tantum
535 769 645 827 habeas
659 777 828 842 tantumque
842 776 1042 842 apparatum,
1059 777 1156 846 quanto
1203 773 1205 872 ἲ

206 885 282 946 opus
309 877 354 929 est
381 867 419 928 ad
445 867 607 928 universam
635 883 697 924 rem
731 863 877 942 publicam
902 867 1156 943 recuperandam.
1203 921 1205 1036 1

204 965 286 1028 Vale.

399 1127 465 1184 135.
505 1122 563 1182 AD
583 1118 835 1180 FAMILIARES
856 1115 894 1180 X.
919 1137 971 1194 30.

240 1238 307 1299 Sca.
329 1255 495 1299 messanis
515 1255 555 1296 an
575 1235 723 1296 Mununn
744 1254 771 1294 n.
785 1254 814 1294 n.
836 1253 893 1294 xvr.
917 1233 1004 1295 Kar..
1029 1237 1133 1298 Mans

590 1353 673 1394 nuc.
697 1347 764 1410 711.

510 1462 606 1505 GALBA
625 1461 759 1504 CICERONI
779 1461 841 1502 snt..

250 1577 274 1619 r.
296 1559 332 1621 A.
349 1579 380 1620 n.
405 1579 473 1620 xvu.
496 1559 562 1619 Kal.
584 1559 687 1630 Maias,
709 1576 768 1636 quo
797 1559 843 1618 die
870 1557 970 1616 Pansa
996 1557 1030 1616 in
1062 1558 1158 1618 castris

207 1659 293 1718 Hirtii
312 1669 373 1718 erat
394 1658 513 1730 iuturus,
528 1675 596 1716 cum
617 1676 676 1734 quo
698 1674 755 1732 ego
775 1674 966 1715 eram-nam
989 1658 1019 1714 ei
1042 1659 1156 1716 obviam

207 1775 404 1835 processeram
425 1758 504 1815 milia
517 1774 656 1832 passuum
671 1766 797 1828 centurn,
813 1773 871 1833 quo
886 1757 1033 1814 maturius
1049 1757 1156 1814 veniret

206 1891 255 1929 —,
270 1855 415 1915 Antonius
437 1853 567 1931 legiones
586 1855 685 1913 eduxit
703 1855 786 1925 duas,
800 1853 962 1913 secundam
976 1861 1008 1911 et
1024 1855 1156 1929 quintam

208 1956 403 2016 tricensimam
427 1963 456 2012 et
481 1953 616 2012 cohortes
644 1952 801 2028 praetorias
829 1951 910 2022 duae,
939 1969 1036 2009 unam
1067 1971 1156 2021 suam,
1203 1975 1204 1980 ¹

208 2055 327 2113 alteram
349 2050 447 2123 Silani,
469 2057 496 2108 et
512 2060 697 2109 evocatorum
717 2060 852 2126 partem:
876 2049 916 2109 ita
936 2047 1061 2108 obviam
1083 2052 1158 2108 venit

207 2152 301 2223 nobIs,
316 2148 397 2226 quod
410 2167 466 2209 nos
486 2157 620 2226 quattuor
638 2147 914 2224 legionestironum
934 2145 1048 2206 habere
1063 2149 1157 2206 solum

208 2248 404 2306 arbitrabatur.
447 2245 505 2305 Sed
522 2255 619 2316 noctu,
635 2262 694 2320 quo
713 2245 800 2304 tutius
819 2245 916 2302 venire
929 2243 961 2301 in
975 2255 1077 2303 castra
1091 2264 1157 2322 pos-

209 2364 314 2417 semus,
336 2345 481 2422 legi0nem
502 2343 647 2414 Martiam,
667 2344 714 2402 cui
734 2360 791 2418 ego
812 2359 946 2419 praeesse
968 2341 1117 2414 solebam,
1131 2354 1156 2401 et
1203 2357 1204 2390 t

209 2444 281 2503 duas
295 2443 430 2503 cohortes
446 2442 604 2519 praetorias
622 2442 739 2500 miserat
759 2441 872 2499 Hirtius
886 2439 981 2498 nobis.
1031 2461 1058 2499 a.
1083 2441 1157 2500 Cum

208 2544 321 2618 equites
335 2541 455 2600 Antonii
470 2539 677 2617 apparuissent,
688 2539 829 2598 contineri
843 2555 940 2614 neque
952 2536 1034 2614 legio
1051 2538 1157 2598 Martia
1203 2553 1204 2604 l

209 2659 304 2718 neque
325 2640 460 2700 cohortes
481 2637 641 2714 praetoriae
663 2647 836 2713 potuerunt,
858 2653 931 2712 quas
951 2637 1038 2712 sequi
1060 2639 1157 2714 coepi·
1203 2645 1204 2670 l

210 2756 275 2798 mus
310 2739 412 2810 coacti,
446 2737 584 2813 quoniam
618 2736 740 2794 retinere
774 2753 824 2794 eas
860 2752 921 2791 non
955 2744 1156 2810 potueramus.

209 2836 354 2895 Antonius
382 2835 419 2894 ad
447 2835 557 2893 Forum
581 2832 733 2892 Gallorum
761 2850 828 2892 suas
856 2831 957 2909 copias
986 2835 1156 2892 continebat
1203 2847 1204 2907 l

210 2951 306 3010 neque
321 2935 386 2993 sciri
399 2932 514 2992 volebat
528 2949 559 2990 se
572 2931 703 3007 legiones
717 2932 842 3005 habere;
864 2940 978 2990 tantum
994 2932 1156 3006 equitatum

210 3042 239 3092 et
265 3033 357 3090 levem
380 3041 554 3090 armaturam
574 3031 755 3089 ostendebat.
796 3030 1014 3107 Posteaquam
1037 3029 1110 3089 vidit
1129 3050 1156 3088 se

212 3130 302 3189 invito
322 3129 469 3206 legionem
489 3130 531 3188 ire
551 3127 656 3199 Pansa,
672 3129 754 3204 sequi
777 3147 808 3187 se
831 3129 902 3187 duas
922 3125 1059 3203 legiones
1080 3129 1157 3187 iussit

211 3229 348 3287 tironum.
400 3225 505 3284 Postea
533 3243 622 3302 quarn
649 3227 796 3300 angustias
824 3225 936 3302 paludis
964 3233 994 3282 et
1022 3224 1157 3284 silvarum

211 3326 385 3393 transiimus,
400 3323 477 3381 acies
496 3333 540 3382 est
560 3324 698 3381 instructa
711 3342 730 3380 a
743 3324 828 3381 nobis
843 3341 891 3381 xu.
906 3321 1091 3394 cohortium;
1132 3343 1155 3397 3.

213 3422 347 3480 nondum
367 3426 504 3476 venerant
533 3418 665 3494 legiones
689 3421 782 3478 duae:
810 3429 929 3497 repente
953 3421 1102 3482 Antonius
1128 3422 1155 3479 in
