2452 3842
224 225 284 290 190
499 221 538 270 u.
560 217 683 269 ruztrt
697 222 885 270 cressonis
958 223 959 226 ’
1035 211 1145 294 {nara

221 377 321 454 copias
340 395 435 454 neque
454 376 621 451 bellicosas;
644 377 756 451 deinde,
771 389 852 438 extra
870 378 976 438 ducem
994 398 1145 458 paucosque

220 477 446 555 praeterea—de
466 478 644 554 principibus
664 478 818 556 loquor—,
838 479 964 556 reliquos
986 481 1104 556 primum
1120 483 1146 538 iu

219 577 285 652 ipso
313 576 389 635 bello
413 593 541 651 rapaces,
568 575 672 635 deinde
696 577 726 633 in
750 577 881 635 oratione
905 577 945 635 ita
970 578 1102 649 crudeles,
1120 589 1147 637 ut

219 676 312 751 ipsam
326 675 475 733 victoriam
494 674 658 747 horrerem;
681 677 843 734 maximum
857 687 955 735 autem
970 695 1020 735 aes
1037 677 1148 735 alienum

219 773 463 850 amplissimorum
476 774 609 832 virorum.
654 765 734 844 Quid
753 775 887 851 quaeris?
908 775 978 834 nihil
992 776 1062 834 boni
1077 795 1149 852 prae·

216 883 261 932 ter
288 890 415 932 causam.
458 869 543 942 Quae
567 889 635 929 cum
658 873 804 944 vidissem,
827 873 986 948 desperans
1010 875 1150 933 victoriam

217 973 343 1047 primum
376 970 461 1045 coepi
495 969 615 1029 suadere
646 989 759 1047 pacem,
787 972 869 1030 cuius
901 971 1014 1030 fueram
1046 991 1151 1050 semper

218 1080 336 1143 auctor;
369 1069 481 1139 deinde,
507 1086 574 1127 cum
599 1070 636 1127 ab
660 1087 696 1128 ea
720 1070 863 1127 sententia
889 1069 1050 1146 Pompeius
1076 1073 1152 1130 valde

216 1169 390 1239 abhorreret,
413 1166 533 1226 suadere
554 1167 670 1238 institui,
692 1177 724 1225 ut
743 1168 852 1225 bellum
872 1167 1007 1226 duceret:
1038 1170 1100 1228 hoc·
1113 1172 1154 1228 in·

216 1270 329 1328 terdum
356 1266 499 1343 probabat
526 1274 555 1324 et
583 1265 613 1322 in
637 1284 672 1323 ea
696 1266 839 1325 sententia
865 1266 1015 1325 videbatur
1041 1267 1102 1327 fore
1129 1281 1156 1327 et

215 1367 316 1426 fuisset
344 1365 473 1434 sortasse,
501 1364 556 1422 nisi
584 1364 710 1440 quadam
738 1382 774 1422 ex
802 1383 902 1440 pugna
929 1367 1074 1440 coepisset
1102 1369 1157 1426 suis

216 1467 351 1525 militibus
379 1464 533 1522 confidere.
586 1459 632 1521 Ex
660 1481 696 1522 eo
724 1471 857 1539 tempore
885 1464 926 1521 vir
953 1464 1000 1522 ille
1028 1483 1158 1525 summus

215 1565 309 1623 nullus
331 1564 485 1639 imperator
504 1561 571 1620 fuit:
594 1562 677 1638 signa
695 1562 789 1620 tirone
805 1571 833 1620 et
851 1562 1011 1621 collecticio
1031 1567 1159 1623 exercitu

215 1682 283 1722 cum
302 1662 465 1737 legionibus
485 1661 690 1719 robustissimis
711 1659 846 1732 contulit;
878 1661 969 1719 victus
994 1663 1161 1738 turpissime

215 1761 328 1820 amissis
357 1761 443 1820 etiam
473 1761 573 1817 castris
601 1759 681 1817 solus
709 1758 793 1834 sugit,
838 1780 863 1835 3.
887 1759 977 1817 Hunc
1007 1778 1065 1836 ego
1090 1763 1163 1820 mihi

214 1861 281 1919 belli
294 1861 382 1918 finem
396 1858 459 1928 feci,
475 1875 529 1916 nec
544 1858 649 1934 putavi,
665 1875 733 1916 eum
753 1857 857 1934 integri
876 1876 960 1934 pares
979 1875 1042 1916 non
1058 1858 1163 1920 luisse·

124 2025 126 2036 ,
214 1977 286 2031 mus,
310 1959 419 2018 fractos
447 1956 610 2033 superiores
638 1955 716 2027 fore;
749 1955 869 2015 discessi
893 1957 931 2014 ab
955 1973 991 2014 eo
1016 1957 1109 2030 bello,
1135 1961 1165 2017 in

214 2077 273 2136 quo
296 2067 345 2117 aut
369 2059 400 2115 in
424 2055 485 2115 acie
510 2055 674 2113 cadendum
698 2053 751 2114 fuit
775 2065 824 2113 aut
848 2055 878 2112 in
902 2055 1012 2130 aliquas
1040 2056 1168 2116 insidias

213 2157 402 2216 incidendum
425 2163 474 2212 aut
499 2153 710 2211 deveniendum
735 2153 764 2210 in
786 2153 900 2212 victoris
921 2171 1026 2211 manus
1050 2166 1106 2214 aut
1132 2159 1170 2216 ad

213 2257 318 2315 Iubam
348 2252 578 2328 confugiendum
609 2262 657 2310 aut
685 2252 842 2327 capiendus
873 2261 1024 2328 tamquam
1060 2257 1172 2315 exsilio

212 2355 294 2414 locus
315 2364 364 2412 aut
380 2350 590 2411 consciscenda
610 2367 690 2409 mors
711 2351 885 2410 voluntaria:
914 2360 990 2408 certe
1012 2351 1092 2410 nihil
1118 2355 1174 2413 fuit

212 2463 370 2530 praeterea,
392 2451 416 2510 si
436 2459 464 2508 te
486 2449 586 2508 victori
607 2448 699 2508 nolles
722 2458 771 2510 aut
794 2466 855 2507 non
878 2448 1000 2507 auderes
1022 2454 1175 2510 commit-

211 2561 280 2610 tere.
330 2550 376 2608 Ex
404 2548 538 2608 omnibus
566 2557 664 2605 autem
691 2547 734 2619 iis,
762 2565 837 2622 quae
866 2547 934 2617 dixi,
963 2547 1177 2610 incommodis

212 2649 282 2707 nihil
306 2648 481 2708 tolerabilius
504 2647 613 2717 exsili0‚
634 2647 804 2721 praesertim
825 2645 983 2716 innocenti,
1005 2647 1060 2704 ubi
1087 2650 1178 2708 nulla

211 2748 346 2806 adiuncta
362 2757 407 2805 est
425 2745 572 2822 turpitudo
582 2765 589 2818 ;
612 2744 689 2802 addo
709 2746 805 2815 etiam,
821 2763 888 2803 cum
906 2762 941 2803 ea
958 2745 1032 2802 urbe
1053 2764 1179 2818 careas,

210 2848 241 2904 in
265 2865 323 2924 qua
346 2846 416 2903 nihil
444 2847 488 2916 sit,
512 2844 592 2921 quod
616 2843 712 2902 videre
736 2843 831 2920 possis
860 2843 923 2902 sine
949 2843 1073 2904 dolore:
1116 2865 1180 2923 ego

211 2964 279 3004 cum
303 2944 385 3016 meis,
410 2945 434 3002 si
458 2943 614 3020 quicquam
638 2962 717 3001 nunc
742 2943 913 3019 cuiusquam
938 2953 989 3014 est,
1013 2945 1120 3004 etiam
1150 2950 1181 3004 in

210 3045 283 3102 meis
311 3061 375 3102 esse
403 3043 500 3102 malui.
543 3060 570 3113 4.
592 3041 677 3113 Quae
701 3042 876 3113 acciderunt,
899 3042 999 3100 omnia
1028 3043 1102 3101 dixi
1135 3045 1182 3104 fu-

210 3154 290 3215 tura;
320 3141 386 3199 veni
411 3142 539 3212 domum,
565 3159 627 3198 non
654 3158 714 3216 quo
742 3141 855 3216 optima
878 3140 991 3198 vivendi
1019 3144 1184 3203 condicio

210 3252 294 3313 esset,
324 3241 376 3300 sed
406 3250 513 3311 tamen,
538 3241 563 3298 si
591 3249 667 3299 esset
695 3239 791 3316 aliqua
819 3239 915 3298 forma
942 3240 983 3298 rei
1012 3242 1185 3315 publicae,

210 3350 360 3417 tamquam
384 3339 414 3396 in
435 3339 528 3413 patria
551 3348 582 3395 ut
603 3357 707 3409 essem,
729 3339 753 3397 si
777 3338 855 3397 nulla
876 3348 1026 3414 tamquam
1053 3339 1092 3398 in
1128 3362 1186 3400 ex-

211 3437 285 3496 silio.
327 3435 455 3493 Mortem
477 3434 547 3492 mihi
571 3454 622 3494 cur
650 3437 869 3509 consciscerem,
895 3455 985 3528 causa
1005 3455 1076 3496 non
1113 3444 1186 3501 visa
