<?xml version="1.0" encoding="UTF-8"?>
<!DOCTYPE html PUBLIC "-//W3C//DTD XHTML 1.0 Transitional//EN"
    "http://www.w3.org/TR/xhtml1/DTD/xhtml1-transitional.dtd">
<html xmlns="http://www.w3.org/1999/xhtml" xml:lang="en" lang="en">
 <head>
  <title>
</title>
<meta http-equiv="Content-Type" content="text/html;charset=utf-8" />
  <meta name='ocr-system' content='tesseract 3.04.00' />
  <meta name='ocr-capabilities' content='ocr_page ocr_carea ocr_par ocr_line ocrx_word'/>
</head>
<body>
  <div class='ocr_page' id='page_1' title='image "./epistolaeselect00watsgoog/epistolaeselect00watsgoog_0069.png"; bbox 0 0 2432 3844; ppageno 0'>
   <div class='ocr_carea' id='block_1_1' title="bbox 211 200 1164 284">
    <p class='ocr_par' dir='ltr' id='par_1_1' title="bbox 211 200 1164 284">
     <span class='ocr_line' id='line_1_1' title="bbox 211 200 1164 284; baseline -0.005 -19"><span class='ocrx_word' id='word_1_1' title='bbox 211 203 253 283; x_wconf 90' lang='lat'><strong>48</strong></span> <span class='ocrx_word' id='word_1_2' title='bbox 447 267 451 274; x_wconf 78' lang='grc'><em>,</em></span> <span class='ocrx_word' id='word_1_3' title='bbox 482 216 521 266; x_wconf 85' lang='lat' dir='ltr'><strong>n.</strong></span> <span class='ocrx_word' id='word_1_4' title='bbox 547 215 667 265; x_wconf 73' lang='lat' dir='ltr'><strong>suren</strong></span> <span class='ocrx_word' id='word_1_5' title='bbox 688 213 877 264; x_wconf 71' lang='lat' dir='ltr'><strong>ciceronis</strong></span> <span class='ocrx_word' id='word_1_6' title='bbox 1055 200 1130 284; x_wconf 66' lang='lat' dir='ltr'><strong>[pars</strong></span> <span class='ocrx_word' id='word_1_7' title='bbox 1147 213 1164 260; x_wconf 75' lang='grc' dir='ltr'><strong>ι,</strong></span> 
     </span>
    </p>
   </div>
   <div class='ocr_carea' id='block_1_2' title="bbox 210 368 1163 2425">
    <p class='ocr_par' dir='ltr' id='par_1_2' title="bbox 210 368 1163 2425">
     <span class='ocr_line' id='line_1_2' title="bbox 212 368 1163 448; baseline -0.006 -17"><span class='ocrx_word' id='word_1_8' title='bbox 212 375 317 446; x_wconf 83' lang='lat' dir='ltr'><strong>vexari,</strong></span> <span class='ocrx_word' id='word_1_9' title='bbox 345 374 386 433; x_wconf 88' lang='lat' dir='ltr'><strong>sic</strong></span> <span class='ocrx_word' id='word_1_10' title='bbox 413 373 508 432; x_wconf 89' lang='lat' dir='ltr'><strong>iacere</strong></span> <span class='ocrx_word' id='word_1_11' title='bbox 534 374 565 432; x_wconf 90' lang='lat' dir='ltr'><strong>in</strong></span> <span class='ocrx_word' id='word_1_12' title='bbox 585 373 709 432; x_wconf 81' lang='lat' dir='ltr'><strong>lacrimis</strong></span> <span class='ocrx_word' id='word_1_13' title='bbox 736 382 765 431; x_wconf 91' lang='lat' dir='ltr'><strong>et</strong></span> <span class='ocrx_word' id='word_1_14' title='bbox 789 372 941 432; x_wconf 79' lang='lat' dir='ltr'><strong>sordibus!</strong></span> <span class='ocrx_word' id='word_1_15' title='bbox 976 371 1069 448; x_wconf 91' lang='lat' dir='ltr'><strong>idque</strong></span> <span class='ocrx_word' id='word_1_16' title='bbox 1099 368 1163 426; x_wconf 90' lang='lat' dir='ltr'><strong>fieri</strong></span> 
     </span>
     <span class='ocr_line' id='line_1_3' title="bbox 212 470 1161 549; baseline -0.012 -17"><span class='ocrx_word' id='word_1_17' title='bbox 212 492 278 532; x_wconf 88' lang='lat' dir='ltr'><strong>mea</strong></span> <span class='ocrx_word' id='word_1_18' title='bbox 302 473 394 549; x_wconf 90' lang='lat' dir='ltr'><strong>culpa,</strong></span> <span class='ocrx_word' id='word_1_19' title='bbox 419 472 470 548; x_wconf 90' lang='lat' dir='ltr'><strong>qui</strong></span> <span class='ocrx_word' id='word_1_20' title='bbox 491 481 602 532; x_wconf 89' lang='lat' dir='ltr'><strong>ceteros</strong></span> <span class='ocrx_word' id='word_1_21' title='bbox 624 473 741 543; x_wconf 88' lang='lat' dir='ltr'>servavi,</span> <span class='ocrx_word' id='word_1_22' title='bbox 762 479 794 530; x_wconf 87' lang='lat' dir='ltr'><strong>ut</strong></span> <span class='ocrx_word' id='word_1_23' title='bbox 816 488 872 530; x_wconf 89' lang='lat' dir='ltr'><strong>nos</strong></span> <span class='ocrx_word' id='word_1_24' title='bbox 894 470 1077 547; x_wconf 90' lang='lat' dir='ltr'><strong>periremusl</strong></span> <span class='ocrx_word' id='word_1_25' title='bbox 1135 485 1161 541; x_wconf 82' lang='lat'><strong>3.</strong></span> 
     </span>
     <span class='ocr_line' id='line_1_4' title="bbox 212 570 1160 646; baseline -0.006 -16"><span class='ocrx_word' id='word_1_26' title='bbox 212 571 304 644; x_wconf 89' lang='lat' dir='ltr'><strong>Quod</strong></span> <span class='ocrx_word' id='word_1_27' title='bbox 324 572 361 631; x_wconf 89' lang='lat' dir='ltr'><strong>de</strong></span> <span class='ocrx_word' id='word_1_28' title='bbox 384 572 474 631; x_wconf 92' lang='lat' dir='ltr'><strong>domo</strong></span> <span class='ocrx_word' id='word_1_29' title='bbox 494 572 603 643; x_wconf 88' lang='lat' dir='ltr'><strong>scribis,</strong></span> <span class='ocrx_word' id='word_1_30' title='bbox 626 570 684 630; x_wconf 92' lang='lat' dir='ltr'><strong>hoc</strong></span> <span class='ocrx_word' id='word_1_31' title='bbox 703 580 747 630; x_wconf 90' lang='lat' dir='ltr'><strong>est</strong></span> <span class='ocrx_word' id='word_1_32' title='bbox 769 571 806 628; x_wconf 95' lang='lat' dir='ltr'><strong>de</strong></span> <span class='ocrx_word' id='word_1_33' title='bbox 827 587 902 640; x_wconf 89' lang='lat' dir='ltr'><strong>area,</strong></span> <span class='ocrx_word' id='word_1_34' title='bbox 923 587 980 646; x_wconf 87' lang='lat' dir='ltr'><strong>ego</strong></span> <span class='ocrx_word' id='word_1_35' title='bbox 1001 585 1075 627; x_wconf 90' lang='lat' dir='ltr'><strong>vero</strong></span> <span class='ocrx_word' id='word_1_36' title='bbox 1096 575 1160 624; x_wconf 89' lang='lat' dir='ltr'><strong>tum</strong></span> 
     </span>
     <span class='ocr_line' id='line_1_5' title="bbox 212 655 1159 746; baseline -0.006 -18"><span class='ocrx_word' id='word_1_37' title='bbox 212 670 337 746; x_wconf 91' lang='lat' dir='ltr'><strong>denique</strong></span> <span class='ocrx_word' id='word_1_38' title='bbox 351 655 421 727; x_wconf 83' lang='lat' dir='ltr'><strong>mihi</strong></span> <span class='ocrx_word' id='word_1_39' title='bbox 435 671 556 729; x_wconf 87' lang='lat' dir='ltr'><strong>videbor</strong></span> <span class='ocrx_word' id='word_1_40' title='bbox 569 671 723 741; x_wconf 73' lang='lat' dir='ltr'><strong>restitutus</strong></span> <span class='ocrx_word' id='word_1_41' title='bbox 739 669 763 728; x_wconf 93' lang='lat' dir='ltr'><strong>si</strong></span> <span class='ocrx_word' id='word_1_42' title='bbox 777 669 826 727; x_wconf 93' lang='lat' dir='ltr'><strong>illa</strong></span> <span class='ocrx_word' id='word_1_43' title='bbox 839 669 925 727; x_wconf 92' lang='lat' dir='ltr'><strong>nobis</strong></span> <span class='ocrx_word' id='word_1_44' title='bbox 939 668 991 725; x_wconf 90' lang='lat' dir='ltr'><strong>erit</strong></span> <span class='ocrx_word' id='word_1_45' title='bbox 1005 666 1144 725; x_wconf 89' lang='lat' dir='ltr'><strong>restituta</strong></span> <span class='ocrx_word' id='word_1_46' title='bbox 1152 682 1159 732; x_wconf 77' lang='grc' dir='ltr'><strong><em>ς</em></strong></span> 
     </span>
     <span class='ocr_line' id='line_1_6' title="bbox 211 765 1160 840; baseline -0.004 -16"><span class='ocrx_word' id='word_1_47' title='bbox 211 788 310 828; x_wconf 91' lang='lat' dir='ltr'><strong>verum</strong></span> <span class='ocrx_word' id='word_1_48' title='bbox 323 769 396 828; x_wconf 90' lang='lat' dir='ltr'><strong>haec</strong></span> <span class='ocrx_word' id='word_1_49' title='bbox 416 785 476 825; x_wconf 94' lang='lat' dir='ltr'><strong>non</strong></span> <span class='ocrx_word' id='word_1_50' title='bbox 496 778 564 826; x_wconf 92' lang='lat' dir='ltr'><strong>sunt</strong></span> <span class='ocrx_word' id='word_1_51' title='bbox 584 769 614 826; x_wconf 89' lang='lat' dir='ltr'><strong>in</strong></span> <span class='ocrx_word' id='word_1_52' title='bbox 635 777 734 827; x_wconf 90' lang='lat' dir='ltr'><strong>nostra</strong></span> <span class='ocrx_word' id='word_1_53' title='bbox 754 785 860 825; x_wconf 90' lang='lat' dir='ltr'><strong>manu:</strong></span> <span class='ocrx_word' id='word_1_54' title='bbox 882 765 952 824; x_wconf 90' lang='lat' dir='ltr'><strong>illud</strong></span> <span class='ocrx_word' id='word_1_55' title='bbox 966 765 1065 836; x_wconf 90' lang='lat' dir='ltr'><strong>dole0,</strong></span> <span class='ocrx_word' id='word_1_56' title='bbox 1081 781 1160 840; x_wconf 92' lang='lat' dir='ltr'><strong>quae</strong></span> 
     </span>
     <span class='ocr_line' id='line_1_7' title="bbox 211 863 1159 945; baseline -0.007 -19"><span class='ocrx_word' id='word_1_57' title='bbox 211 870 345 945; x_wconf 90' lang='lat' dir='ltr'><strong>impensa</strong></span> <span class='ocrx_word' id='word_1_58' title='bbox 365 867 497 925; x_wconf 85' lang='lat' dir='ltr'><strong>facienda</strong></span> <span class='ocrx_word' id='word_1_59' title='bbox 518 876 569 938; x_wconf 92' lang='lat' dir='ltr'><strong>est,</strong></span> <span class='ocrx_word' id='word_1_60' title='bbox 590 867 619 924; x_wconf 92' lang='lat' dir='ltr'><strong>in</strong></span> <span class='ocrx_word' id='word_1_61' title='bbox 640 868 701 924; x_wconf 90' lang='lat' dir='ltr'><strong>eius</strong></span> <span class='ocrx_word' id='word_1_62' title='bbox 722 875 834 942; x_wconf 90' lang='lat' dir='ltr'><strong>partem</strong></span> <span class='ocrx_word' id='word_1_63' title='bbox 854 873 878 924; x_wconf 85' lang='lat' dir='ltr'><strong>te</strong></span> <span class='ocrx_word' id='word_1_64' title='bbox 898 865 1033 924; x_wconf 85' lang='lat' dir='ltr'><strong>miseram</strong></span> <span class='ocrx_word' id='word_1_65' title='bbox 1053 873 1087 932; x_wconf 85' lang='lat' dir='ltr'><strong>et</strong></span> <span class='ocrx_word' id='word_1_66' title='bbox 1110 863 1159 920; x_wconf 92' lang='lat' dir='ltr'><strong>de-</strong></span> 
     </span>
     <span class='ocr_line' id='line_1_8' title="bbox 212 961 1157 1044; baseline -0.008 -18"><span class='ocrx_word' id='word_1_67' title='bbox 212 967 365 1044; x_wconf 85' lang='lat' dir='ltr'><strong>spoliatam</strong></span> <span class='ocrx_word' id='word_1_68' title='bbox 387 965 493 1024; x_wconf 86' lang='lat' dir='ltr'><strong>venire.</strong></span> <span class='ocrx_word' id='word_1_69' title='bbox 534 963 625 1037; x_wconf 88' lang='lat' dir='ltr'><strong>Quod</strong></span> <span class='ocrx_word' id='word_1_70' title='bbox 649 965 673 1024; x_wconf 90' lang='lat' dir='ltr'><strong>si</strong></span> <span class='ocrx_word' id='word_1_71' title='bbox 701 964 853 1022; x_wconf 87' lang='lat' dir='ltr'><strong>conficitur</strong></span> <span class='ocrx_word' id='word_1_72' title='bbox 873 963 1031 1040; x_wconf 85' lang='lat' dir='ltr'><strong>negotium,</strong></span> <span class='ocrx_word' id='word_1_73' title='bbox 1055 961 1157 1019; x_wconf 91' lang='lat' dir='ltr'><strong>omnia</strong></span> 
     </span>
     <span class='ocr_line' id='line_1_9' title="bbox 212 1059 1156 1139; baseline -0.01 -15"><span class='ocrx_word' id='word_1_74' title='bbox 212 1079 443 1139; x_wconf 87' lang='lat' dir='ltr'><strong>consequemur;</strong></span> <span class='ocrx_word' id='word_1_75' title='bbox 474 1063 519 1120; x_wconf 93' lang='lat' dir='ltr'><strong>sin</strong></span> <span class='ocrx_word' id='word_1_76' title='bbox 540 1063 644 1121; x_wconf 90' lang='lat' dir='ltr'><strong>eadem</strong></span> <span class='ocrx_word' id='word_1_77' title='bbox 665 1080 720 1121; x_wconf 93' lang='lat' dir='ltr'><strong>nos</strong></span> <span class='ocrx_word' id='word_1_78' title='bbox 744 1061 860 1122; x_wconf 89' lang='lat' dir='ltr'><strong>fortuna</strong></span> <span class='ocrx_word' id='word_1_79' title='bbox 882 1069 1003 1139; x_wconf 89' lang='lat' dir='ltr'><strong>premet,</strong></span> <span class='ocrx_word' id='word_1_80' title='bbox 1024 1059 1156 1118; x_wconf 87' lang='lat' dir='ltr'><strong>etiamne</strong></span> 
     </span>
     <span class='ocr_line' id='line_1_10' title="bbox 210 1157 1153 1239; baseline -0.004 -19"><span class='ocrx_word' id='word_1_81' title='bbox 210 1163 346 1239; x_wconf 85' lang='lat' dir='ltr'><strong>reliquias</strong></span> <span class='ocrx_word' id='word_1_82' title='bbox 359 1169 423 1219; x_wconf 87' lang='lat' dir='ltr'><strong>tuas</strong></span> <span class='ocrx_word' id='word_1_83' title='bbox 438 1161 543 1218; x_wconf 89' lang='lat' dir='ltr'><strong>misera</strong></span> <span class='ocrx_word' id='word_1_84' title='bbox 557 1161 701 1238; x_wconf 85' lang='lat' dir='ltr'><strong>proicies?</strong></span> <span class='ocrx_word' id='word_1_85' title='bbox 724 1160 855 1220; x_wconf 87' lang='lat' dir='ltr'><strong>Obsecro</strong></span> <span class='ocrx_word' id='word_1_86' title='bbox 869 1168 906 1231; x_wconf 92' lang='lat' dir='ltr'><strong>te,</strong></span> <span class='ocrx_word' id='word_1_87' title='bbox 918 1177 984 1217; x_wconf 91' lang='lat' dir='ltr'><strong>mea</strong></span> <span class='ocrx_word' id='word_1_88' title='bbox 994 1159 1061 1229; x_wconf 89' lang='lat' dir='ltr'><strong>vita,</strong></span> <span class='ocrx_word' id='word_1_89' title='bbox 1073 1157 1153 1234; x_wconf 92' lang='lat' dir='ltr'><strong>quod</strong></span> 
     </span>
     <span class='ocr_line' id='line_1_11' title="bbox 212 1256 1151 1336; baseline -0.005 -17"><span class='ocrx_word' id='word_1_90' title='bbox 212 1261 249 1320; x_wconf 90' lang='lat' dir='ltr'><strong>ad</strong></span> <span class='ocrx_word' id='word_1_91' title='bbox 277 1268 424 1335; x_wconf 90' lang='lat' dir='ltr'><strong>sumptum</strong></span> <span class='ocrx_word' id='word_1_92' title='bbox 448 1259 555 1330; x_wconf 84' lang='lat' dir='ltr'><strong>attinet,</strong></span> <span class='ocrx_word' id='word_1_93' title='bbox 584 1260 646 1317; x_wconf 92' lang='lat' dir='ltr'><strong>sine</strong></span> <span class='ocrx_word' id='word_1_94' title='bbox 671 1259 751 1330; x_wconf 86' lang='lat' dir='ltr'><strong>alios,</strong></span> <span class='ocrx_word' id='word_1_95' title='bbox 776 1260 826 1335; x_wconf 92' lang='lat' dir='ltr'><strong>qui</strong></span> <span class='ocrx_word' id='word_1_96' title='bbox 855 1268 985 1336; x_wconf 86' lang='lat' dir='ltr'><strong>possunt,</strong></span> <span class='ocrx_word' id='word_1_97' title='bbox 1009 1257 1033 1316; x_wconf 88' lang='lat' dir='ltr'><strong>si</strong></span> <span class='ocrx_word' id='word_1_98' title='bbox 1061 1256 1151 1315; x_wconf 92' lang='lat' dir='ltr'><strong>modo</strong></span> 
     </span>
     <span class='ocr_line' id='line_1_12' title="bbox 211 1355 1151 1429; baseline -0.005 -13"><span class='ocrx_word' id='word_1_99' title='bbox 211 1358 320 1429; x_wconf 87' lang='lat' dir='ltr'><strong>volunt,</strong></span> <span class='ocrx_word' id='word_1_100' title='bbox 342 1358 491 1427; x_wconf 90' lang='lat' dir='ltr'><strong>sustinere,</strong></span> <span class='ocrx_word' id='word_1_101' title='bbox 512 1367 541 1415; x_wconf 89' lang='lat' dir='ltr'><strong>et</strong></span> <span class='ocrx_word' id='word_1_102' title='bbox 561 1357 755 1416; x_wconf 88' lang='lat' dir='ltr'><strong>valetudinem</strong></span> <span class='ocrx_word' id='word_1_103' title='bbox 775 1357 860 1416; x_wconf 90' lang='lat' dir='ltr'><strong>istam</strong></span> <span class='ocrx_word' id='word_1_104' title='bbox 880 1356 1032 1427; x_wconf 88' lang='lat' dir='ltr'><strong>infirmam,</strong></span> <span class='ocrx_word' id='word_1_105' title='bbox 1056 1355 1080 1414; x_wconf 91' lang='lat' dir='ltr'><strong>si</strong></span> <span class='ocrx_word' id='word_1_106' title='bbox 1105 1372 1151 1411; x_wconf 90' lang='lat' dir='ltr'><strong>me</strong></span> 
     </span>
     <span class='ocr_line' id='line_1_13' title="bbox 213 1455 1150 1528; baseline -0.005 -14"><span class='ocrx_word' id='word_1_107' title='bbox 213 1473 302 1528; x_wconf 88' lang='lat' dir='ltr'><strong>amas,</strong></span> <span class='ocrx_word' id='word_1_108' title='bbox 317 1456 378 1513; x_wconf 91' lang='lat' dir='ltr'><strong>noli</strong></span> <span class='ocrx_word' id='word_1_109' title='bbox 391 1473 512 1514; x_wconf 88' lang='lat' dir='ltr'><strong>vexare:</strong></span> <span class='ocrx_word' id='word_1_110' title='bbox 534 1473 603 1514; x_wconf 90' lang='lat' dir='ltr'><strong>nam</strong></span> <span class='ocrx_word' id='word_1_111' title='bbox 614 1455 685 1513; x_wconf 92' lang='lat' dir='ltr'><strong>mihi</strong></span> <span class='ocrx_word' id='word_1_112' title='bbox 699 1465 766 1514; x_wconf 91' lang='lat' dir='ltr'><strong>ante</strong></span> <span class='ocrx_word' id='word_1_113' title='bbox 786 1455 888 1514; x_wconf 91' lang='lat' dir='ltr'><strong>oculos</strong></span> <span class='ocrx_word' id='word_1_114' title='bbox 910 1456 971 1514; x_wconf 90' lang='lat' dir='ltr'><strong>dies</strong></span> <span class='ocrx_word' id='word_1_115' title='bbox 992 1463 1150 1528; x_wconf 91' lang='lat' dir='ltr'><strong>noctesque</strong></span> 
     </span>
     <span class='ocr_line' id='line_1_14' title="bbox 212 1553 1148 1630; baseline -0.001 -20"><span class='ocrx_word' id='word_1_116' title='bbox 212 1553 331 1612; x_wconf 88' lang='lat' dir='ltr'><strong>versaris</strong></span> <span class='ocrx_word' id='word_1_117' title='bbox 339 1572 346 1625; x_wconf 93' lang='lat'>;</span> <span class='ocrx_word' id='word_1_118' title='bbox 362 1570 465 1612; x_wconf 90' lang='lat' dir='ltr'><strong>omnes</strong></span> <span class='ocrx_word' id='word_1_119' title='bbox 478 1553 593 1613; x_wconf 89' lang='lat' dir='ltr'><strong>labores</strong></span> <span class='ocrx_word' id='word_1_120' title='bbox 607 1563 635 1612; x_wconf 90' lang='lat' dir='ltr'><strong>te</strong></span> <span class='ocrx_word' id='word_1_121' title='bbox 650 1554 782 1630; x_wconf 88' lang='lat' dir='ltr'><strong>excipere</strong></span> <span class='ocrx_word' id='word_1_122' title='bbox 796 1553 898 1626; x_wconf 91' lang='lat' dir='ltr'><strong>video;</strong></span> <span class='ocrx_word' id='word_1_123' title='bbox 922 1554 1021 1622; x_wconf 87' lang='lat' dir='ltr'><strong>timeo,</strong></span> <span class='ocrx_word' id='word_1_124' title='bbox 1036 1561 1069 1610; x_wconf 90' lang='lat' dir='ltr'><strong>ut</strong></span> <span class='ocrx_word' id='word_1_125' title='bbox 1089 1569 1148 1609; x_wconf 91' lang='lat' dir='ltr'><strong>sus-</strong></span> 
     </span>
     <span class='ocr_line' id='line_1_15' title="bbox 212 1648 1148 1726; baseline -0.003 -17"><span class='ocrx_word' id='word_1_126' title='bbox 212 1653 313 1709; x_wconf 89' lang='lat' dir='ltr'><strong>tineas.</strong></span> <span class='ocrx_word' id='word_1_127' title='bbox 357 1650 415 1710; x_wconf 89' lang='lat' dir='ltr'><strong>Sed</strong></span> <span class='ocrx_word' id='word_1_128' title='bbox 429 1651 513 1710; x_wconf 93' lang='lat' dir='ltr'><strong>video</strong></span> <span class='ocrx_word' id='word_1_129' title='bbox 527 1652 559 1709; x_wconf 93' lang='lat' dir='ltr'><strong>in</strong></span> <span class='ocrx_word' id='word_1_130' title='bbox 573 1661 601 1709; x_wconf 93' lang='lat' dir='ltr'><strong>te</strong></span> <span class='ocrx_word' id='word_1_131' title='bbox 616 1668 679 1710; x_wconf 91' lang='lat' dir='ltr'><strong>esse</strong></span> <span class='ocrx_word' id='word_1_132' title='bbox 701 1651 818 1709; x_wconf 90' lang='lat' dir='ltr'><strong>omnia:</strong></span> <span class='ocrx_word' id='word_1_133' title='bbox 841 1669 899 1726; x_wconf 93' lang='lat' dir='ltr'><strong>qua</strong></span> <span class='ocrx_word' id='word_1_134' title='bbox 913 1669 951 1721; x_wconf 92' lang='lat' dir='ltr'><strong>re,</strong></span> <span class='ocrx_word' id='word_1_135' title='bbox 967 1659 998 1707; x_wconf 92' lang='lat' dir='ltr'><strong>ut</strong></span> <span class='ocrx_word' id='word_1_136' title='bbox 1019 1649 1057 1720; x_wconf 92' lang='lat' dir='ltr'><strong>id,</strong></span> <span class='ocrx_word' id='word_1_137' title='bbox 1071 1648 1148 1724; x_wconf 93' lang='lat' dir='ltr'><strong>quod</strong></span> 
     </span>
     <span class='ocr_line' id='line_1_16' title="bbox 214 1747 1145 1825; baseline -0.005 -17"><span class='ocrx_word' id='word_1_138' title='bbox 214 1767 311 1824; x_wconf 88' lang='lat' dir='ltr'><strong>speras</strong></span> <span class='ocrx_word' id='word_1_139' title='bbox 334 1759 363 1807; x_wconf 90' lang='lat' dir='ltr'><strong>et</strong></span> <span class='ocrx_word' id='word_1_140' title='bbox 386 1748 467 1825; x_wconf 93' lang='lat' dir='ltr'><strong>quod</strong></span> <span class='ocrx_word' id='word_1_141' title='bbox 489 1750 559 1824; x_wconf 85' lang='lat' dir='ltr'><strong>agis,</strong></span> <span class='ocrx_word' id='word_1_142' title='bbox 584 1766 806 1825; x_wconf 84' lang='lat' dir='ltr'><strong>consequamur,</strong></span> <span class='ocrx_word' id='word_1_143' title='bbox 826 1748 900 1807; x_wconf 88' lang='lat' dir='ltr'><strong>servi</strong></span> <span class='ocrx_word' id='word_1_144' title='bbox 918 1747 1081 1806; x_wconf 88' lang='lat' dir='ltr'><strong>valetudini.</strong></span> <span class='ocrx_word' id='word_1_145' title='bbox 1123 1765 1145 1818; x_wconf 83' lang='lat'><strong>4.</strong></span> 
     </span>
     <span class='ocr_line' id='line_1_17' title="bbox 212 1846 1145 1922; baseline -0.002 -18"><span class='ocrx_word' id='word_1_146' title='bbox 212 1846 287 1922; x_wconf 85' lang='lat' dir='ltr'><strong>Eg0,</strong></span> <span class='ocrx_word' id='word_1_147' title='bbox 309 1847 346 1904; x_wconf 97' lang='lat' dir='ltr'><strong>ad</strong></span> <span class='ocrx_word' id='word_1_148' title='bbox 367 1864 442 1922; x_wconf 92' lang='lat' dir='ltr'><strong>quos</strong></span> <span class='ocrx_word' id='word_1_149' title='bbox 466 1847 599 1919; x_wconf 88' lang='lat' dir='ltr'><strong>scribam,</strong></span> <span class='ocrx_word' id='word_1_150' title='bbox 620 1847 730 1917; x_wconf 93' lang='lat' dir='ltr'><strong>nescio,</strong></span> <span class='ocrx_word' id='word_1_151' title='bbox 749 1847 805 1905; x_wconf 93' lang='lat' dir='ltr'><strong>nisi</strong></span> <span class='ocrx_word' id='word_1_152' title='bbox 825 1847 863 1905; x_wconf 92' lang='lat' dir='ltr'><strong>ad</strong></span> <span class='ocrx_word' id='word_1_153' title='bbox 884 1865 943 1918; x_wconf 75' lang='lat' dir='ltr'><strong>eos</strong></span> <span class='ocrx_word' id='word_1_154' title='bbox 968 1846 1019 1922; x_wconf 92' lang='lat' dir='ltr'><strong>qui</strong></span> <span class='ocrx_word' id='word_1_155' title='bbox 1043 1846 1080 1904; x_wconf 89' lang='lat' dir='ltr'><strong>ad</strong></span> <span class='ocrx_word' id='word_1_156' title='bbox 1103 1863 1145 1902; x_wconf 90' lang='lat' dir='ltr'><strong>me</strong></span> 
     </span>
     <span class='ocr_line' id='line_1_18' title="bbox 212 1944 1143 2021; baseline -0.003 -18"><span class='ocrx_word' id='word_1_157' title='bbox 212 1945 349 2016; x_wconf 91' lang='lat' dir='ltr'><strong>scribunt,</strong></span> <span class='ocrx_word' id='word_1_158' title='bbox 365 1953 413 2001; x_wconf 91' lang='lat' dir='ltr'><strong>aut</strong></span> <span class='ocrx_word' id='word_1_159' title='bbox 427 1944 464 2002; x_wconf 92' lang='lat' dir='ltr'><strong>ad</strong></span> <span class='ocrx_word' id='word_1_160' title='bbox 479 1962 539 2015; x_wconf 90' lang='lat' dir='ltr'><strong>eos,</strong></span> <span class='ocrx_word' id='word_1_161' title='bbox 551 1944 587 2003; x_wconf 95' lang='lat' dir='ltr'><strong>de</strong></span> <span class='ocrx_word' id='word_1_162' title='bbox 603 1945 707 2020; x_wconf 94' lang='lat' dir='ltr'><strong>quibus</strong></span> <span class='ocrx_word' id='word_1_163' title='bbox 722 1946 759 2003; x_wconf 90' lang='lat' dir='ltr'><strong>ad</strong></span> <span class='ocrx_word' id='word_1_164' title='bbox 773 1964 821 2004; x_wconf 90' lang='lat' dir='ltr'><strong>me</strong></span> <span class='ocrx_word' id='word_1_165' title='bbox 833 1963 884 2004; x_wconf 92' lang='lat' dir='ltr'><strong>vos</strong></span> <span class='ocrx_word' id='word_1_166' title='bbox 898 1945 1005 2021; x_wconf 92' lang='lat' dir='ltr'><strong>aliquid</strong></span> <span class='ocrx_word' id='word_1_167' title='bbox 1021 1944 1143 2004; x_wconf 88' lang='lat' dir='ltr'><strong>scribitis.</strong></span> 
     </span>
     <span class='ocr_line' id='line_1_19' title="bbox 214 2041 1143 2122; baseline -0.001 -20"><span class='ocrx_word' id='word_1_168' title='bbox 214 2041 354 2120; x_wconf 85' lang='lat' dir='ltr'><strong>Longius,</strong></span> <span class='ocrx_word' id='word_1_169' title='bbox 379 2045 518 2120; x_wconf 92' lang='lat' dir='ltr'><strong>quoniam</strong></span> <span class='ocrx_word' id='word_1_170' title='bbox 543 2045 583 2104; x_wconf 91' lang='lat' dir='ltr'><strong>ita</strong></span> <span class='ocrx_word' id='word_1_171' title='bbox 604 2045 687 2103; x_wconf 91' lang='lat' dir='ltr'><strong>vobis</strong></span> <span class='ocrx_word' id='word_1_172' title='bbox 712 2044 815 2122; x_wconf 87' lang='lat' dir='ltr'><strong>placet,</strong></span> <span class='ocrx_word' id='word_1_173' title='bbox 838 2062 899 2103; x_wconf 91' lang='lat' dir='ltr'><strong>non</strong></span> <span class='ocrx_word' id='word_1_174' title='bbox 922 2045 1078 2116; x_wconf 85' lang='lat' dir='ltr'><strong>discedam,</strong></span> <span class='ocrx_word' id='word_1_175' title='bbox 1097 2043 1143 2102; x_wconf 92' lang='lat' dir='ltr'><strong>sed</strong></span> 
     </span>
     <span class='ocr_line' id='line_1_20' title="bbox 213 2141 1142 2220; baseline -0.001 -21"><span class='ocrx_word' id='word_1_176' title='bbox 213 2142 297 2200; x_wconf 92' lang='lat' dir='ltr'><strong>velim</strong></span> <span class='ocrx_word' id='word_1_177' title='bbox 312 2159 400 2218; x_wconf 86' lang='lat' dir='ltr'><strong>quam</strong></span> <span class='ocrx_word' id='word_1_178' title='bbox 415 2141 583 2217; x_wconf 89' lang='lat' dir='ltr'><strong>saepissime</strong></span> <span class='ocrx_word' id='word_1_179' title='bbox 597 2142 703 2201; x_wconf 88' lang='lat' dir='ltr'><strong>litteras</strong></span> <span class='ocrx_word' id='word_1_180' title='bbox 717 2143 844 2213; x_wconf 85' lang='lat' dir='ltr'><strong>mittatis,</strong></span> <span class='ocrx_word' id='word_1_181' title='bbox 854 2143 1032 2220; x_wconf 89' lang='lat' dir='ltr'><strong>praesertim,</strong></span> <span class='ocrx_word' id='word_1_182' title='bbox 1044 2143 1067 2200; x_wconf 92' lang='lat' dir='ltr'><strong>si</strong></span> <span class='ocrx_word' id='word_1_183' title='bbox 1080 2141 1142 2218; x_wconf 94' lang='lat' dir='ltr'><strong>quid</strong></span> 
     </span>
     <span class='ocr_line' id='line_1_21' title="bbox 213 2239 1141 2317; baseline -0.005 -17"><span class='ocrx_word' id='word_1_184' title='bbox 213 2251 257 2301; x_wconf 91' lang='lat' dir='ltr'><strong>est</strong></span> <span class='ocrx_word' id='word_1_185' title='bbox 270 2241 387 2313; x_wconf 90' lang='lat' dir='ltr'><strong>firmius,</strong></span> <span class='ocrx_word' id='word_1_186' title='bbox 400 2240 480 2317; x_wconf 90' lang='lat' dir='ltr'><strong>quod</strong></span> <span class='ocrx_word' id='word_1_187' title='bbox 495 2259 651 2316; x_wconf 87' lang='lat' dir='ltr'><strong>speremus.</strong></span> <span class='ocrx_word' id='word_1_188' title='bbox 680 2239 791 2312; x_wconf 89' lang='lat' dir='ltr'><strong>Valete,</strong></span> <span class='ocrx_word' id='word_1_189' title='bbox 805 2260 873 2300; x_wconf 90' lang='lat' dir='ltr'><strong>mea</strong></span> <span class='ocrx_word' id='word_1_190' title='bbox 886 2240 1037 2312; x_wconf 88' lang='lat' dir='ltr'><strong>desideria,</strong></span> <span class='ocrx_word' id='word_1_191' title='bbox 1050 2241 1141 2298; x_wconf 87' lang='lat' dir='ltr'><strong>valete.</strong></span> 
     </span>
     <span class='ocr_line' id='line_1_22' title="bbox 213 2337 827 2425; baseline 0.007 -29"><span class='ocrx_word' id='word_1_192' title='bbox 213 2337 250 2398; x_wconf 91' lang='lat' dir='ltr'><strong>D.</strong></span> <span class='ocrx_word' id='word_1_193' title='bbox 265 2341 333 2425; x_wconf 86' lang='lat' dir='ltr'><strong>ad.</strong></span> <span class='ocrx_word' id='word_1_194' title='bbox 348 2359 390 2400; x_wconf 86' lang='lat'>111.</span> <span class='ocrx_word' id='word_1_195' title='bbox 404 2338 483 2398; x_wconf 92' lang='lat' dir='ltr'><strong>Non.</strong></span> <span class='ocrx_word' id='word_1_196' title='bbox 498 2339 563 2398; x_wconf 90' lang='lat' dir='ltr'><strong>Oet.</strong></span> <span class='ocrx_word' id='word_1_197' title='bbox 608 2339 827 2400; x_wconf 88' lang='lat' dir='ltr'><strong>Thessalonica.</strong></span> 
     </span>
    </p>
   </div>
   <div class='ocr_carea' id='block_1_3' title="bbox 397 2467 969 2530">
    <p class='ocr_par' dir='ltr' id='par_1_3' title="bbox 397 2467 969 2530">
     <span class='ocr_line' id='line_1_23' title="bbox 397 2467 969 2530; baseline 0.002 -3"><span class='ocrx_word' id='word_1_198' title='bbox 397 2471 442 2527; x_wconf 91' lang='lat'><strong>18.</strong></span> <span class='ocrx_word' id='word_1_199' title='bbox 485 2467 543 2526; x_wconf 91' lang='lat' dir='ltr'><strong>AD</strong></span> <span class='ocrx_word' id='word_1_200' title='bbox 563 2468 814 2530; x_wconf 86' lang='lat' dir='ltr'>FAMILIARES</span> <span class='ocrx_word' id='word_1_201' title='bbox 836 2469 918 2528; x_wconf 91' lang='lat' dir='ltr'>XIV.</span> <span class='ocrx_word' id='word_1_202' title='bbox 944 2489 969 2528; x_wconf 89' lang='lat'><strong>1.</strong></span> 
     </span>
    </p>
   </div>
   <div class='ocr_carea' id='block_1_4' title="bbox 215 2589 1141 2667">
    <p class='ocr_par' dir='ltr' id='par_1_4' title="bbox 215 2589 1141 2667">
     <span class='ocr_line' id='line_1_24' title="bbox 215 2589 1141 2667; baseline -0.001 -19"><span class='ocrx_word' id='word_1_203' title='bbox 215 2590 278 2650; x_wconf 85' lang='lat' dir='ltr'><strong>Scn.</strong></span> <span class='ocrx_word' id='word_1_204' title='bbox 304 2589 492 2648; x_wconf 70' lang='lat' dir='ltr'><strong>Dnnnncnn</strong></span> <span class='ocrx_word' id='word_1_205' title='bbox 518 2609 579 2648; x_wconf 74' lang='lat' dir='ltr'><strong>an.</strong></span> <span class='ocrx_word' id='word_1_206' title='bbox 603 2607 640 2648; x_wconf 85' lang='lat' dir='ltr'><strong>vr.</strong></span> <span class='ocrx_word' id='word_1_207' title='bbox 662 2589 741 2650; x_wconf 77' lang='lat' dir='ltr'><strong>Kar..</strong></span> <span class='ocrx_word' id='word_1_208' title='bbox 765 2590 942 2650; x_wconf 78' lang='lat' dir='ltr'><strong>Dncnuanns</strong></span> <span class='ocrx_word' id='word_1_209' title='bbox 970 2609 1052 2652; x_wconf 75' lang='lat' dir='ltr'><strong>auc.</strong></span> <span class='ocrx_word' id='word_1_210' title='bbox 1080 2592 1141 2667; x_wconf 90' lang='lat'><strong>696.</strong></span> 
     </span>
    </p>
   </div>
   <div class='ocr_carea' id='block_1_5' title="bbox 253 2722 1105 2864">
    <p class='ocr_par' dir='ltr' id='par_1_5' title="bbox 253 2722 1105 2864">
     <span class='ocr_line' id='line_1_25' title="bbox 253 2722 1105 2780; baseline 0.001 -15"><span class='ocrx_word' id='word_1_211' title='bbox 253 2722 377 2765; x_wconf 82' lang='lat' dir='ltr'><strong>TULLIUS</strong></span> <span class='ocrx_word' id='word_1_212' title='bbox 398 2723 563 2764; x_wconf 84' lang='lat' dir='ltr'>TERENTIAE</span> <span class='ocrx_word' id='word_1_213' title='bbox 584 2723 666 2776; x_wconf 83' lang='lat' dir='ltr'><strong>SUAE,</strong></span> <span class='ocrx_word' id='word_1_214' title='bbox 687 2724 853 2766; x_wconf 78' lang='lat' dir='ltr'><strong>TULLIOLAE</strong></span> <span class='ocrx_word' id='word_1_215' title='bbox 875 2726 956 2780; x_wconf 79' lang='lat' dir='ltr'><strong>SUAE,</strong></span> <span class='ocrx_word' id='word_1_216' title='bbox 978 2725 1105 2768; x_wconf 87' lang='lat' dir='ltr'>CICERONI</span> 
     </span>
     <span class='ocr_line' id='line_1_26' title="bbox 524 2820 839 2864; baseline 0.006 -2"><span class='ocrx_word' id='word_1_217' title='bbox 524 2820 577 2863; x_wconf 88' lang='lat' dir='ltr'><strong>SUO</strong></span> <span class='ocrx_word' id='word_1_218' title='bbox 598 2823 732 2864; x_wconf 82' lang='lat' dir='ltr'><strong>SALUTEM</strong></span> <span class='ocrx_word' id='word_1_219' title='bbox 752 2823 839 2864; x_wconf 82' lang='lat' dir='ltr'>DICIT.</span> 
     </span>
    </p>
   </div>
   <div class='ocr_carea' id='block_1_6' title="bbox 210 2909 1140 3480">
    <p class='ocr_par' dir='ltr' id='par_1_6' title="bbox 210 2909 1140 3480">
     <span class='ocr_line' id='line_1_27' title="bbox 256 2909 1140 2987; baseline 0.001 -20"><span class='ocrx_word' id='word_1_220' title='bbox 256 2910 345 2969; x_wconf 79' lang='lat' dir='ltr'><strong>1.·Er</strong></span> <span class='ocrx_word' id='word_1_221' title='bbox 366 2910 464 2968; x_wconf 90' lang='lat' dir='ltr'><strong>litteris</strong></span> <span class='ocrx_word' id='word_1_222' title='bbox 483 2909 639 2970; x_wconf 91' lang='lat' dir='ltr'><strong>multorum</strong></span> <span class='ocrx_word' id='word_1_223' title='bbox 660 2921 689 2969; x_wconf 91' lang='lat' dir='ltr'><strong>et</strong></span> <span class='ocrx_word' id='word_1_224' title='bbox 709 2928 842 2970; x_wconf 90' lang='lat' dir='ltr'><strong>sermone</strong></span> <span class='ocrx_word' id='word_1_225' title='bbox 863 2912 994 2970; x_wconf 91' lang='lat' dir='ltr'><strong>omnium</strong></span> <span class='ocrx_word' id='word_1_226' title='bbox 1013 2910 1140 2987; x_wconf 86' lang='lat' dir='ltr'><strong>perfertur</strong></span> 
     </span>
     <span class='ocr_line' id='line_1_28' title="bbox 212 3008 1139 3080; baseline 0 -13"><span class='ocrx_word' id='word_1_227' title='bbox 212 3008 250 3067; x_wconf 94' lang='lat' dir='ltr'><strong>ad</strong></span> <span class='ocrx_word' id='word_1_228' title='bbox 270 3026 326 3080; x_wconf 90' lang='lat' dir='ltr'><strong>me,</strong></span> <span class='ocrx_word' id='word_1_229' title='bbox 348 3009 546 3068; x_wconf 89' lang='lat' dir='ltr'><strong>incredibilem</strong></span> <span class='ocrx_word' id='word_1_230' title='bbox 566 3019 646 3068; x_wconf 89' lang='lat' dir='ltr'><strong>tuam</strong></span> <span class='ocrx_word' id='word_1_231' title='bbox 666 3009 798 3068; x_wconf 85' lang='lat' dir='ltr'><strong>virtutem</strong></span> <span class='ocrx_word' id='word_1_232' title='bbox 819 3019 848 3068; x_wconf 92' lang='lat' dir='ltr'><strong>et</strong></span> <span class='ocrx_word' id='word_1_233' title='bbox 868 3009 1062 3069; x_wconf 85' lang='lat' dir='ltr'><strong>fortitudinem</strong></span> <span class='ocrx_word' id='word_1_234' title='bbox 1081 3028 1139 3068; x_wconf 89' lang='lat' dir='ltr'><strong>esse</strong></span> 
     </span>
     <span class='ocr_line' id='line_1_29' title="bbox 210 3106 1138 3184; baseline 0.001 -19"><span class='ocrx_word' id='word_1_235' title='bbox 210 3117 297 3184; x_wconf 88' lang='lat' dir='ltr'><strong>teque</strong></span> <span class='ocrx_word' id='word_1_236' title='bbox 311 3125 366 3166; x_wconf 92' lang='lat' dir='ltr'><strong>nec</strong></span> <span class='ocrx_word' id='word_1_237' title='bbox 380 3107 469 3165; x_wconf 92' lang='lat' dir='ltr'><strong>animi</strong></span> <span class='ocrx_word' id='word_1_238' title='bbox 483 3126 578 3184; x_wconf 92' lang='lat' dir='ltr'><strong>neque</strong></span> <span class='ocrx_word' id='word_1_239' title='bbox 593 3109 723 3183; x_wconf 90' lang='lat' dir='ltr'><strong>corporis</strong></span> <span class='ocrx_word' id='word_1_240' title='bbox 737 3108 883 3167; x_wconf 90' lang='lat' dir='ltr'><strong>laboribus</strong></span> <span class='ocrx_word' id='word_1_241' title='bbox 898 3108 1053 3184; x_wconf 83' lang='lat' dir='ltr'><strong>defatigari.</strong></span> <span class='ocrx_word' id='word_1_242' title='bbox 1092 3106 1138 3166; x_wconf 92' lang='lat' dir='ltr'><strong>Me</strong></span> 
     </span>
     <span class='ocr_line' id='line_1_30' title="bbox 211 3205 1137 3282; baseline 0.001 -19"><span class='ocrx_word' id='word_1_243' title='bbox 211 3205 365 3264; x_wconf 90' lang='lat' dir='ltr'><strong>miserum!</strong></span> <span class='ocrx_word' id='word_1_244' title='bbox 396 3215 424 3264; x_wconf 90' lang='lat' dir='ltr'><strong>te</strong></span> <span class='ocrx_word' id='word_1_245' title='bbox 448 3206 502 3264; x_wconf 90' lang='lat' dir='ltr'><strong>ista</strong></span> <span class='ocrx_word' id='word_1_246' title='bbox 524 3207 634 3278; x_wconf 86' lang='lat' dir='ltr'><strong>virtute,</strong></span> <span class='ocrx_word' id='word_1_247' title='bbox 656 3206 722 3278; x_wconf 89' lang='lat' dir='ltr'><strong>fide,</strong></span> <span class='ocrx_word' id='word_1_248' title='bbox 744 3207 895 3282; x_wconf 90' lang='lat' dir='ltr'><strong>probitate,</strong></span> <span class='ocrx_word' id='word_1_249' title='bbox 918 3206 1089 3265; x_wconf 88' lang='lat' dir='ltr'><strong>humanitate</strong></span> <span class='ocrx_word' id='word_1_250' title='bbox 1109 3207 1137 3264; x_wconf 92' lang='lat' dir='ltr'><strong>in</strong></span> 
     </span>
     <span class='ocr_line' id='line_1_31' title="bbox 210 3302 1136 3382; baseline 0.001 -20"><span class='ocrx_word' id='word_1_251' title='bbox 210 3314 305 3362; x_wconf 89' lang='lat' dir='ltr'><strong>tantas</strong></span> <span class='ocrx_word' id='word_1_252' title='bbox 333 3322 485 3362; x_wconf 91' lang='lat' dir='ltr'><strong>aerumnas</strong></span> <span class='ocrx_word' id='word_1_253' title='bbox 512 3313 630 3380; x_wconf 89' lang='lat' dir='ltr'><strong>propter</strong></span> <span class='ocrx_word' id='word_1_254' title='bbox 656 3321 704 3362; x_wconf 89' lang='lat' dir='ltr'><strong>me</strong></span> <span class='ocrx_word' id='word_1_255' title='bbox 728 3303 882 3363; x_wconf 91' lang='lat' dir='ltr'><strong>incidissel</strong></span> <span class='ocrx_word' id='word_1_256' title='bbox 934 3302 1136 3382; x_wconf 90' lang='lat' dir='ltr'><strong>Tulliolamque</strong></span> 
     </span>
     <span class='ocr_line' id='line_1_32' title="bbox 210 3401 1135 3480; baseline 0.001 -20"><span class='ocrx_word' id='word_1_257' title='bbox 210 3412 346 3475; x_wconf 87' lang='lat' dir='ltr'><strong>nostram,</strong></span> <span class='ocrx_word' id='word_1_258' title='bbox 361 3421 397 3461; x_wconf 82' lang='lat' dir='ltr'><strong>ex</strong></span> <span class='ocrx_word' id='word_1_259' title='bbox 419 3420 477 3479; x_wconf 91' lang='lat' dir='ltr'><strong>quo</strong></span> <span class='ocrx_word' id='word_1_260' title='bbox 499 3411 579 3480; x_wconf 86' lang='lat' dir='ltr'><strong>patre</strong></span> <span class='ocrx_word' id='word_1_261' title='bbox 600 3410 695 3460; x_wconf 88' lang='lat' dir='ltr'><strong>tantas</strong></span> <span class='ocrx_word' id='word_1_262' title='bbox 715 3401 876 3479; x_wconf 88' lang='lat' dir='ltr'><strong>voluptates</strong></span> <span class='ocrx_word' id='word_1_263' title='bbox 898 3402 1037 3479; x_wconf 90' lang='lat' dir='ltr'><strong>capiebat,</strong></span> <span class='ocrx_word' id='word_1_264' title='bbox 1052 3422 1085 3461; x_wconf 85' lang='lat' dir='ltr'><strong>ex</strong></span> <span class='ocrx_word' id='word_1_265' title='bbox 1103 3421 1135 3461; x_wconf 91' lang='lat' dir='ltr'><strong>eo</strong></span> 
     </span>
    </p>
   </div>
   <div class='ocr_carea' id='block_1_7' title="bbox 0 0 1220 3844">
    <p class='ocr_par' dir='ltr' id='par_1_7' title="bbox 0 0 1220 3844">
     <span class='ocr_line' id='line_1_33' title="bbox 0 0 1220 3844; baseline 0 0"><span class='ocrx_word' id='word_1_266' title='bbox 0 0 1220 3844; x_wconf 95' lang='lat' dir='ltr'><strong> </strong></span> 
     </span>
    </p>
   </div>
  </div>
 </body>
</html>
